@article{akbarzadeh2007asphaltenes,
	title={Asphaltenes—problematic but rich in potential},
	author={Akbarzadeh, K and Hammami, A and Kharrat, A and Zhang, D and Allenson, S and Creek, J and Kabir, S and Jamaluddin, A and Marshall, A. G and Rodgers, R. P and others},
	journal={Oilfield Review},
	volume={19},
	number={2},
	pages={22--43},
	year={2007},
	publisher={Schlumberger}}

@article{neurock1994molecular,
		title={Molecular representation of complex hydrocarbon feedstocks through efficient characterization and stochastic algorithms},
		author={Neurock, M and Nigam, A and Trauth, D and Klein, M. T},
		journal={Chemical engineering science},
		volume={49},
		number={24},
		pages={4153--4177},
		year={1994},
		publisher={Elsevier}}

@article{zhang2013speciation,
		title={Speciation and quantification of sulfur compounds in petroleum asphaltenes by derivative {XANES} spectra},
		author={ZHANG, L and WANG, C and ZHAO, Y and YANG, G and Mei, S and YANG, C},
		journal={Journal of Fuel Chemistry and Technology},
		volume={41},
		number={11},
		pages={1328--1335},
		year={2013},
		publisher={Elsevier}
	}

@article{coelho2012elucidation,
		title={Elucidation of the functional sulphur chemical structure in asphaltenes using first principles and deconvolution of mid-infrared vibrational spectra},
		author={Coelho, R and Hovell, I and Rajagopal, K},
		journal={Fuel processing technology},
		volume={97},
		pages={85--92},
		year={2012},
		publisher={Elsevier}
	}

@book{goual2012petroleum,
		title={Petroleum asphaltenes},
		author={Goual, L},
		year={2012},
		publisher={INTECH Open Access Publisher}
	}
	
@article{strausz1992molecular,
		title={The molecular structure of asphaltene: an unfolding story},
		author={Strausz, O. P and Mojelsky, T. W and Lown, E. M},
		journal={Fuel},
		volume={71},
		number={12},
		pages={1355--1363},
		year={1992},
		publisher={Elsevier}
	}
	
@article{calles2007properties,
		title={Properties of Asphaltenes Precipitated with Different n-Alkanes. A Study To Assess the Most Representative Species for Modeling},
		author={Calles, J. A and Dufour, J and Marug{\'a}n, J and Pe{\~n}a, J. L and Gim{\'e}nez-Aguirre, R and Merino-Garc{\'\i}a, D},
		journal={Energy \& Fuels},
		volume={22},
		number={2},
		pages={763--769},
		year={2007},
		publisher={ACS Publications}
	}

@article{barbelet1979analyses,
		title={Analyses {\'e}l{\'e}mentaires (carbone, hydrog{\`e}ne, oxyg{\`e}ne, azote, soufre) des fractions lourdes du p{\'e}trole.},
		author={Barbelet, M and Dolle, J.M and Poitevin, J.P},
		journal={Revue de l'Institut Fran{\c{c}}ais du P{\'e}trole},
		volume={34},
		number={2},
		pages={293--306},
		year={1979},
		publisher={EDP Sciences}
	}
	
	@article{speight1979some,
		title={Some observations on the molecular nature of petroleum asphaltenes},
		author={Speight, J G and Moschopedis, S. E},
		journal={Am. Chem. Soc., Div. Pet. Chem., Prepr.;(United States)},
		volume={24},
		number={CONF-790917-(Vol. 24)(No. 4)},
		year={1979},
		publisher={Alberta Research Council, Edmonton}
	}

@article{merdrignac2007physicochemical,
		title={Physicochemical characterization of petroleum fractions: the state of the art},
		author={Merdrignac, I and Espinat, D},
		journal={Oil \& Gas Science and Technology-Revue de l'IFP},
		volume={62},
		number={1},
		pages={7--32},
		year={2007},
		publisher={EDP Sciences}
	}
	
	@article{speight2004petroleum,
		title={Petroleum Asphaltenes-Part 1: Asphaltenes, resins and the structure of petroleum},
		author={Speight, J.G},
		journal={Oil \& gas science and technology},
		volume={59},
		number={5},
		pages={467--477},
		year={2004},
		publisher={IFP}
	}

@article{mullins2008contrasting,
		title={Contrasting perspective on asphaltene molecular weight. This comment vs the overview of {AA} Herod, {KD} Bartle, and {R}. Kandiyoti},
		author={Mullins, O. C and Mart{\'\i}nez-Haya, B and Marshall, A. G},
		journal={Energy \& Fuels},
		volume={22},
		number={3},
		pages={1765--1773},
		year={2008},
		publisher={ACS Publications}
	}

@article{merdrignac2006evolution,
		title={Evolution of asphaltene structure during hydroconversion conditions},
		author={Merdrignac, I and Quoineaud, A and Gauthier, T},
		journal={Energy \& fuels},
		volume={20},
		number={5},
		pages={2028--2036},
		year={2006},
		publisher={ACS Publications}
	}

@article{groenzin2000molecular,
		title={Molecular size and structure of asphaltenes from various sources},
		author={Groenzin, H and Mullins, O. C},
		journal={Energy \& Fuels},
		volume={14},
		number={3},
		pages={677--684},
		year={2000},
		publisher={ACS Publications}
	}
	
	@article{zhao2001molecular,
		title={Molecular transformation of Athabasca bitumen end-cuts during coking and hydrocracking},
		author={Zhao, S and Kotlyar, L.S and Woods, J.R and Sparks, B.D and Hardacre, K and Chung, K.H},
		journal={Fuel},
		volume={80},
		number={8},
		pages={1155--1163},
		year={2001},
		publisher={Elsevier}
	}
	
	@article{rogel2003density,
		title={Density estimation of asphaltenes using molecular dynamics simulations},
		author={Rogel, E and Carbognani, L},
		journal={Energy \& fuels},
		volume={17},
		number={2},
		pages={378--386},
		year={2003},
		publisher={ACS Publications}
	}

@article{gawrys2003role,
		title={The role of asphaltene solubility and chemical composition on asphaltene aggregation},
		author={Gawrys, K. L and Matthew Spiecker, P and Kilpatrick, P. K},
		journal={Petroleum science and technology},
		volume={21},
		number={3-4},
		pages={461--489},
		year={2003},
		publisher={Taylor \& Francis}
	}
	
	@article{sheremata2004quantitative,
		title={Quantitative molecular representation and sequential optimization of {A}thabasca asphaltenes},
		author={Sheremata, J. M and Gray, M. R and Dettman, H. D and McCaffrey, W. C},
		journal={Energy \& Fuels},
		volume={18},
		number={5},
		pages={1377--1384},
		year={2004},
		publisher={ACS Publications}
	}

@article{murphy1982determination,
		title={Determination of chemical functionality in asphaltenes by high-resolution solid-state carbon-13 nuclear magnetic resonance spectrometry},
		author={Murphy, P. D and Gerstein, B. C and Weinberg, V. L and Yen, T. F},
		journal={Analytical Chemistry},
		volume={54},
		number={3},
		pages={522--525},
		year={1982},
		publisher={ACS Publications}
	}
	
	@article{yen1984study,
		title={A study of the structure of petroleum asphaltenes and related substances by infrared spectroscopy},
		author={Yen,T. F and Wu, W. H and Chilingar, G. V},
		journal={Energy Sources},
		volume={7},
		number={3},
		pages={203--235},
		year={1984},
		publisher={Taylor \& Francis}
	}
	
	@article{durand2010effect,
		title={Effect of chemical composition on asphaltenes aggregation},
		author={Durand, E and Clemancey, M and Lancelin, J.M and Verstraete, J and Espinat, D and Quoineaud, A},
		journal={Energy Fuels},
		volume={24},
		number={2},
		pages={1051--1062},
		year={2010}
	}

@article{yen1961investigation,
		title={Investigation of the structure of petroleum asphaltenes by {X}-ray diffraction},
		author={Yen, T. F and Erdman, J. G and Pollack, S. S},
		journal={Analytical Chemistry},
		volume={33},
		number={11},
		pages={1587--1594},
		year={1961},
		publisher={ACS Publications}
	}
	
	@article{shirokoff1997characterization,
		title={Characterization of the structure of Saudi crude asphaltenes by {X}-ray diffraction},
		author={Shirokoff, J. W and Siddiqui, M. N and Ali, M. F},
		journal={Energy \& Fuels},
		volume={11},
		number={3},
		pages={561--565},
		year={1997},
		publisher={ACS Publications}
	}
		
	@misc{altgeltcomposition,
		title={Composition and analysis of heavy petroleum fractions. 1994},
		author={Altgelt, K.H and Boduszynski, M.M},
		publisher={New York: Marcel Dekker Inc}
	}

@article{groenzin1999asphaltene,
		title={Asphaltene molecular size and structure},
		author={Groenzin, H and Mullins, O. C},
		journal={The Journal of Physical Chemistry A},
		volume={103},
		number={50},
		pages={11237--11245},
		year={1999},
		publisher={ACS Publications}
	}
	
	@article{souza2009study,
		title={Study of the asphaltene aggregation structure by time-resolved fluorescence spectroscopy},
		author={Souza, R and Nicodem, D. E and Garden, S. J and Corr{\^e}a, R. J},
		journal={Energy \& Fuels},
		volume={24},
		number={2},
		pages={1135--1138},
		year={2009},
		publisher={ACS Publications}
	}

@article{hongfu2006determination,
		title={Determination of multi-properties of residual oils using mid-infrared attenuated total reflection spectroscopy},
		author={Hongfu, Y and Xiaoli, C and Haoran, L and Yupeng, X},
		journal={Fuel},
		volume={85},
		number={12},
		pages={1720--1728},
		year={2006},
		publisher={Elsevier}
	}
	
	@article{el2010characterization,
		title={Characterization of some local petroleum residues by spectroscopic techniques},
		author={El-Bassoussi, A.A and Ahmed, M.H and Sayed, S. M  and Basta, J. S and Attia, E. S},
		journal={Petroleum Science and Technology},
		volume={28},
		number={5},
		pages={430--444},
		year={2010},
		publisher={Taylor \& Francis}
	}
	
	@article{coelho2007characterization,
		title={Characterization of functional groups of asphaltenes in vacuum residues using molecular modelling and {FTIR} techniques},
		author={Coelho, R. R and Hovell, I and Moreno, E. L and de Souza, A  and Rajagopal, K},
		journal={Petroleum science and technology},
		volume={25},
		number={1-2},
		pages={41--54},
		year={2007},
		publisher={Taylor \& Francis}
	}

@article{laxalde2014combining,
		title={Combining near and mid infrared spectroscopy for heavy oil characterisation},
		author={Laxalde, J and Caillol, N and Wahl, F and Ruckebusch, C and Duponchel, L},
		journal={Fuel},
		volume={133},
		pages={310--316},
		year={2014},
		publisher={Elsevier}
	}
		
	@article{acevedo2004structural,
		title={Structural analysis of soluble and insoluble fractions of asphaltenes isolated using the {PNP} method. Relation between asphaltene structure and solubility},
		author={Acevedo, S and Escobar, O and Echevarria, L and Guti{\'e}rrez, L. B and M{\'e}ndez, B},
		journal={Energy \& fuels},
		volume={18},
		number={2},
		pages={305--311},
		year={2004},
		publisher={ACS Publications}
	}
	
	@article{gutierrez2001fractionation,
		title={Fractionation of asphaltene by complex formation with p-nitrophenol. A method for structural studies and stability of asphaltene colloids},
		author={Guti{\'e}rrez, L. B and Ranaudo, M. A and M{\'e}ndez, B and Acevedo, S},
		journal={Energy \& Fuels},
		volume={15},
		number={3},
		pages={624--628},
		year={2001},
		publisher={ACS Publications}
	}

@article{takanohashi2004structural,
		title={Structural relaxation behaviors of three different asphaltenes using {MD} calculations},
		author={Takanohashi, T and Sato, S and Tanaka, R},
		journal={Petroleum science and technology},
		volume={22},
		number={7-8},
		pages={901--914},
		year={2004},
		publisher={Taylor \& Francis}
	}
	
	@article{elyashberg2008computer,
		title={Computer-assisted structure verification and elucidation tools in {NMR}-based structure elucidation},
		author={Elyashberg, M.E and Williams, A. J and Martin, G. E},
		journal={Progress in Nuclear Magnetic Resonance Spectroscopy},
		volume={53},
		number={1},
		pages={1--104},
		year={2008},
		publisher={Pergamon}
	}
	
	@article{todeschini1995weighted,
		title={Weighted holistic invariant molecular descriptors. Part 2. Theory development and applications on modeling physicochemical properties of polyaromatic hydrocarbons},
		author={Todeschini, R and Gramatica, P and Provenzani, R and Marengo, E},
		journal={Chemometrics and Intelligent Laboratory Systems},
		volume={27},
		number={2},
		pages={221--229},
		year={1995},
		publisher={Elsevier}
	}

@article{faulon1996stochastic,
		title={Stochastic generator of chemical structure. 2. Using simulated annealing to search the space of constitutional isomers},
		author={Faulon, J. L},
		journal={Journal of Chemical Information and Computer Sciences},
		volume={36},
		number={4},
		pages={731--740},
		year={1996},
		publisher={ACS Publications}
	}
	
	@article{al2012systematic,
		title={Systematic optimization of asphaltene molecular structure and molecular weight using the quantitative molecular representation approach},
		author={Al Halwachi, H. K and Yakovlev, D. S and Boek, E. S},
		journal={Energy \& Fuels},
		volume={26},
		number={10},
		pages={6177--6185},
		year={2012},
		publisher={ACS Publications}
	}
	
	@article{de2012monte,
		title={A Monte Carlo modeling methodology for the simulation of hydrotreating processes},
		author={de Oliveira, L. P and Verstraete, J  and Kolb, M},
		journal={Chemical engineering journal},
		volume={207},
		pages={94--102},
		year={2012},
		publisher={Elsevier}
	}

@article{murgich1996molecular,
		title={Molecular recognition and molecular mechanics of micelles of some model asphaltenes and resins},
		author={Murgich, J and Rodr{\'\i}guez, J and Aray, Y},
		journal={Energy \& Fuels},
		volume={10},
		number={1},
		pages={68--76},
		year={1996},
		publisher={ACS Publications}
	}

@article{alvarez2013island,
		title={Island versus archipelago architecture for asphaltenes: polycyclic aromatic hydrocarbon dimer theoretical studies},
		author={Alvarez-Ram{\'\i}rez, F and Ruiz-Morales, Y},
		journal={Energy \& Fuels},
		volume={27},
		number={4},
		pages={1791--1808},
		year={2013},
		publisher={ACS Publications}
	}

@article{huang2011fundamental,
		title={A fundamental model of wax deposition in subsea oil pipelines},
		author={Huang, Z and Lee, H. S and Senra, M and Scott Fogler, H},
		journal={AIChE Journal},
		volume={57},
		number={11},
		pages={2955--2964},
		year={2011},
		publisher={Wiley Online Library}
	}
	
	@inproceedings{broseta2000detection,
		title={Detection of asphaltene deposition by capillary flow measurements},
		author={Broseta, D and Robin, M and Savvidis, T and F{\'e}jean, C and Durandeau, M and Zhou, H and others},
		booktitle={SPE/DOE Improved Oil Recovery Symposium},
		year={2000},
		organization={Society of Petroleum Engineers}
	}
	
	@inproceedings{kokal1999quantification,
		title={Quantification of various factors affecting emulsion stability: watercut, temperature, shear, asphaltene content, demulsifier dosage and mixing different crudes},
		author={Kokal, S and Al-Juraid, J and others},
		booktitle={SPE Annual Technical Conference and Exhibition},
		year={1999},
		organization={Society of Petroleum Engineers}
	}

@article{schrodinger1992situation,
	title={La situation actuelle en m{\'e}canique quantique},
	author={Schr{\"o}dinger, E},
	journal={Physique quantique et repr{\'e}sentation du monde},
	pages={138},
	year={1992}
}

@article{moore1965electronics,
	title={Electronics magazine},
	author={Moore, G. E},
	journal={April 19th},
	year={1965}
}

@article{adamo1999toward,
	title={Toward reliable density functional methods without adjustable parameters: The {PBE0} model},
	author={Adamo, C and Barone, V},
	journal={The Journal of chemical physics},
	volume={110},
	number={13},
	pages={6158--6170},
	year={1999},
	publisher={AIP Publishing}
}

@article{adamo1997toward,
	title={Toward reliable adiabatic connection models free from adjustable parameters},
	author={Adamo, C and Barone, V},
	journal={Chemical Physics Letters},
	volume={274},
	number={1},
	pages={242--250},
	year={1997},
	publisher={Elsevier}
}

@article{perdew1996generalized,
	title={Generalized gradient approximation made simple},
	author={Perdew, J. P and Burke, K and Ernzerhof, M},
	journal={Physical review letters},
	volume={77},
	number={18},
	pages={3865},
	year={1996},
	publisher={APS}
}

@article{becke1993density,
 	title={Density-functional thermochemistry. {III}. The role of exact exchange},
 	author={Becke, A. D},
 	journal={The Journal of chemical physics},
 	volume={98},
 	number={7},
 	pages={5648--5652},
 	year={1993},
 	publisher={AIP Publishing}
 }
 
 @article{becke1988density,
 	title={Density-functional exchange-energy approximation with correct asymptotic behavior},
 	author={Becke, A. D},
 	journal={Physical review A},
 	volume={38},
 	number={6},
 	pages={3098},
 	year={1988},
 	publisher={APS}
 }
 
 @article{chengteh1988development,
 	title={Development of the Colle-Salvetti correlation-energy formula into a functional of the electron density},
 	author={Chengteh, L and Weitao, Y and Parr, R. G},
 	journal={Physical Review B (Condensed Matter)},
 	volume={37},
 	number={2},
 	pages={785--789},
 	year={1988}
 }

@article{boese2004development,
	title={Development of density functionals for thermochemical kinetics},
	author={Boese, A. D and Martin, J. M},
	journal={The Journal of chemical physics},
	volume={121},
	number={8},
	pages={3405--3416},
	year={2004},
	publisher={AIP Publishing}
}

@article{moller1934note,
	title={Note on an approximation treatment for many-electron systems},
	author={M{\o}ller, C and Plesset, M. S},
	journal={Physical Review},
	volume={46},
	number={7},
	pages={618},
	year={1934},
	publisher={APS}
}

@article{becke1997density,
	title={Density-functional thermochemistry. {V}. Systematic optimization of exchange-correlation functionals},
	author={Becke, A. D},
	journal={The Journal of chemical physics},
	volume={107},
	number={20},
	pages={8554--8560},
	year={1997},
	publisher={AIP Publishing}
}

@article{hamprecht1998development,
	title={Development and assessment of new exchange-correlation functionals},
	author={Hamprecht, F. A and Cohen, A. J and Tozer, D. J and Handy, N. C},
	journal={The Journal of chemical physics},
	volume={109},
	number={15},
	pages={6264--6271},
	year={1998},
	publisher={AIP Publishing}
}

@article{wilson2001hybrid,
	title={Hybrid exchange-correlation functional determined from thermochemical data and ab initio potentials},
	author={Wilson, P. J and Bradley, T. J and Tozer, D. J},
	journal={The Journal of Chemical Physics},
	volume={115},
	number={20},
	pages={9233--9242},
	year={2001},
	publisher={AIP Publishing}
}

@article{keal2005semiempirical,
	title={Semiempirical hybrid functional with improved performance in an extensive chemical assessment},
	author={Keal, T. W and Tozer, D. J},
	journal={The Journal of chemical physics},
	volume={123},
	number={12},
	pages={121103},
	year={2005},
	publisher={AIP Publishing}
}

@article{iikura2001long,
	title={A long-range correction scheme for generalized-gradient-approximation exchange functionals},
	author={Iikura, H and Tsuneda, T and Yanai, T and Hirao, K},
	journal={The Journal of Chemical Physics},
	volume={115},
	number={8},
	pages={3540--3544},
	year={2001},
	publisher={AIP Publishing}
}

@article{chai2008long,
	title={Long-range corrected hybrid density functionals with damped atom--atom dispersion corrections},
	author={Chai, J and Head-Gordon, M},
	journal={Physical Chemistry Chemical Physics},
	volume={10},
	number={44},
	pages={6615--6620},
	year={2008},
	publisher={Royal Society of Chemistry}
}

@article{krusic1991electron,
  title={Electron spin resonance study of the radical reactivity of {C$_{60}$}},
  author={Krusic, P. J and Wasserman, E and Parkinson, B. A and Malone, B and Holler, Jr E. R and Keizer, P. N and Morton, J. R and Preston, K. F},
  journal={Journal of the American Chemical Society},
  volume={113},
  number={16},
  pages={6274--6275},
  year={1991},
  publisher={ACS Publications}
}

@book{barchewitz1971spectroscopie,
  title={Spectroscopie atomique et mol{\'e}culaire: Spectroscopie mol{\'e}culaire},
  author={Barchewitz, P},
  volume={2},
  year={1971},
  publisher={Masson}
}

@article{wilson1955molecular,
  title={Molecular vibrations},
  author={Wilson Jr, E. Band Decius, J. G and Cross, P. G and Lagemann, R. T},
  journal={American Journal of Physics},
  volume={23},
  number={8},
  pages={550--550},
  year={1955},
  publisher={American Association of Physics Teachers}
}

@article{wilson1955molecular,
  title={Molecular vibrations},
  author={Wilson Jr, E. B and Decius, J. G and Cross, P.l G and Lagemann, R. T},
  journal={American Journal of Physics},
  volume={23},
  number={8},
  pages={550--550},
  year={1955},
  publisher={American Association of Physics Teachers}
}

@phdthesis{pouchan1978approche,
  title={Approche de la fonction potentielle nucl{\'e}aire {\`a} partir du calcul de fonction d'onde: application {\`a} l'{\'e}tude des modes de vibrations mol{\'e}culaires},
  author={Pouchan, C},
  year={1978}
}

@phdthesis{zaki1996etude,
  title={Etude des modes de vibration au-del{\`a} de l'approximation harmonique: Application {\`a} la r{\'e}solution des probl{\`e}mes vibrationnels de mol{\'e}cules de type X$_{2}$CNX(X= F, H)},
  author={Zaki, K},
  year={1996}
}

@article{eckart1935some,
  title={Some studies concerning rotating axes and polyatomic molecules},
  author={Eckart, C},
  journal={Physical Review},
  volume={47},
  number={7},
  pages={552},
  year={1935},
  publisher={APS}
}

@article{casimir1931rotation,
  title={Rotation of a rigid body in quantum mechanics},
  author={Casimir, H},
  year={1931}
}

@article{pulay1979systematic,
  title={Systematic ab initio gradient calculation of molecular geometries, force constants, and dipole moment derivatives},
  author={Pulay, P and Fogarasi, G and Pang, F and Boggs, J. E},
  journal={Journal of the American Chemical Society},
  volume={101},
  number={10},
  pages={2550--2560},
  year={1979},
  publisher={ACS Publications}
}

@article{maslen1991higher,
  title={Higher analytic derivatives. {II}. The fourth derivative of self-consistent-field energy},
  author={Maslen, P. E and Jayatilaka, D and Colwell, S. M and Amos, R. D and Handy, N. C},
  journal={The Journal of chemical physics},
  volume={95},
  number={10},
  pages={7409--7417},
  year={1991},
  publisher={AIP Publishing}
}

@article{simons1973new,
  title={New alternative to the Dunham potential for diatomic molecules},
  author={Simons, G and Parr, R. G and Finlan, J. M},
  journal={The Journal of Chemical Physics},
  volume={59},
  number={6},
  pages={3229--3234},
  year={1973},
  publisher={AIP Publishing}
}

@article{meyer1986abinitio,
  title={Abinitio calculation of near-equilibrium potential and multipole moment surfaces and vibrational frequencies of {H}$^{+3}$ and its isotopomers},
  author={Meyer, W and Botschwina, P and Burton, P},
  journal={The Journal of chemical physics},
  volume={84},
  number={2},
  pages={891--900},
  year={1986},
  publisher={AIP Publishing}
}

@article{hoy1972anharmonic,
  title={Anharmonic force constant calculations},
  author={Hoy, A. R and Mills, I. M and Strey, G},
  journal={Molecular Physics},
  volume={24},
  number={6},
  pages={1265--1290},
  year={1972},
  publisher={Taylor \& Francis}
}

@article{nielsen1951vibration,
  title={The vibration-rotation energies of molecules},
  author={Nielsen, H. H},
  journal={Reviews of Modern Physics},
  volume={23},
  number={2},
  pages={90},
  year={1951},
  publisher={APS}
}

@article{pulay1969ab,
  title={Ab initio calculation of force constants and equilibrium geometries in polyatomic molecules: {I}. Theory},
  author={Pulay, P},
  journal={Molecular Physics},
  volume={17},
  number={2},
  pages={197--204},
  year={1969},
  publisher={Taylor \& Francis}
}

@book{barchewitz1961spectroscopie,
  title={Spectroscopie infrarouge: Vibrations mol{\'e}culaires},
  author={Barchewitz, P},
  volume={1},
  year={1961},
  publisher={Gauthier-Villars}
}

@phdthesis{carbonniere2002calcul,
  title={Calcul ab-initio de spectres vibrationnels anharmoniques.: D{\'e}veloppement m{\'e}thodologique pour le traitement de syst{\`e}mes de grande taille.},
  author={Carbonni{\`e}re, P},
  year={2002},
  school={Pau}
}

@article{papousek1982molecular,
  title={Molecular vibrational-rotational spectra},
  author={Papousek, D and Aliev, M. R},
  year={1982}
}

@article{van1929sigma,
  title={On $\sigma$-type doubling and electron spin in the spectra of diatomic molecules},
  author={Van Vleck, J. H},
  journal={Physical Review},
  volume={33},
  number={4},
  pages={467},
  year={1929},
  publisher={APS}
}

@article{oka1967vibration,
  title={Vibration—Rotation Interaction in Symmetric-Top Molecules and the Splitting between {A1} and {A2} Levels},
  author={Oka, T},
  journal={The Journal of Chemical Physics},
  volume={47},
  number={12},
  pages={5410--5426},
  year={1967},
  publisher={AIP Publishing}
}

@article{frisch2015gaussian,
  title={Gaussian 09, Revision A. 02; Gaussian, Inc: Wallingford, {CT}, 2009},
  author={Frisch, M. J and Trucks, G. W and Schlegel, H. B and Scuseria, G. E and Robb, M. A and Cheeseman, J. R and Scalmani, G and Barone, V and Mennucci, B and Petersson, G. A and others},
  journal={There is no corresponding record for this reference},
  year={2015}
}

@article{fermi1931ramaneffekt,
  title={{\"U}ber den Ramaneffekt des kohlendioxyds},
  author={Fermi, E},
  journal={Zeitschrift f{\"u}r Physik},
  volume={71},
  number={3-4},
  pages={250--259},
  year={1931},
  publisher={Springer}
}

@article{darling1940water,
  title={The water vapor molecule},
  author={Darling, B. T and Dennison, D. M},
  journal={Physical Review},
  volume={57},
  number={2},
  pages={128},
  year={1940},
  publisher={APS}
}

@article{martin1997accurate,
  title={Accurate ab initio quartic force field for trans-{HNNH} and treatment of resonance polyads},
  author={Martin, J. M and Taylor, P. R},
  journal={Spectrochimica Acta Part A: Molecular and Biomolecular Spectroscopy},
  volume={53},
  number={8},
  pages={1039--1050},
  year={1997},
  publisher={Elsevier}
}

@article{nielsen1951vibration,
  title={The vibration-rotation energies of molecules},
  author={Nielsen, H. H},
  journal={Reviews of Modern Physics},
  volume={23},
  number={2},
  pages={90},
  year={1951},
  publisher={APS}
}

@article{jung1996vibrational,
  title={Vibrational wave functions and spectroscopy of {(H$_{2}$O)}$_{n}$, n= 2, 3, 4, 5: Vibrational self-consistent field with correlation corrections},
  author={Jung, J. O and Gerber, R. B},
  journal={The Journal of chemical physics},
  volume={105},
  number={23},
  pages={10332--10348},
  year={1996},
  publisher={AIP Publishing}
}

@article{norris1996mo,
  title={Moller--Plesset perturbation theory applied to vibrational problems},
  author={Norris, L. S and Ratner, M. A and Roitberg, A. E and Gerber, R. B},
  journal={The Journal of chemical physics},
  volume={105},
  number={24},
  pages={11261--11267},
  year={1996},
  publisher={AIP Publishing}
}

@article{pouchan1997ab,
  title={Ab-Initio Configuration-Interaction Determination of the Overtone Vibrations of Methyleneimine in the Region 2800-3200 cm$^{-1}$},
  author={Pouchan, C and Zaki, K and others},
  journal={Journal of Chemical Physics},
  volume={107},
  number={2},
  pages={342--345},
  year={1997},
  publisher={American Institute of Physics, Melville, USA}
}

@article{carter1997vibrational,
  title={Vibrational self-consistent field method for many-mode systems: A new approach and application to the vibrations of {CO} adsorbed on {Cu} (100)},
  author={Carter, S and Culik, S. J and Bowman, J. M},
  journal={The Journal of chemical physics},
  volume={107},
  number={24},
  pages={10458--10469},
  year={1997},
  publisher={AIP Publishing}
}

@article{koput2001ab,
  title={Ab initio prediction of the vibrational-rotational energy levels of hydrogen peroxide and its isotopomers},
  author={Koput, J and Carter, S and Handy, N. C and others},
  journal={Journal of Chemical Physics},
  volume={115},
  number={18},
  pages={8345--8350},
  year={2001},
  publisher={American Institute of Physics, Melville, USA}
}

@article{cassam2003alternative,
  title={Alternative perturbation method for the molecular vibration--rotation problem},
  author={Cassam-Chena{\"\i}, P and Li{\'e}vin, J},
  journal={International journal of quantum chemistry},
  volume={93},
  number={3},
  pages={245--264},
  year={2003},
  publisher={Wiley Online Library}
}

@article{gohaud2005new,
  title={New parallel software {(P\_Anhar)} for anharmonic vibrational calculations: Application to {(CH$_{3}$Li)$_{2}$}},
  author={Gohaud, N and Begue, D and Darrigan, C and Pouchan, C},
  journal={Journal of computational chemistry},
  volume={26},
  number={7},
  pages={743--754},
  year={2005},
  publisher={Wiley Online Library}
}

@article{culot1995vibrational,
  title={A vibrational {CASSCF} study of stretch-bend interactions and their influence on infrared intensities in the water molecule},
  author={Culot, F and Laruelle, F and Li{\'e}vin, J},
  journal={Theoretica chimica acta},
  volume={92},
  number={4},
  pages={211--226},
  year={1995},
  publisher={Springer}
}

@article{wyatt1995toward,
  title={Toward ab Initio Intramolecular Dynamics},
  author={Wyatt, R. E and Iung, C and Leforestier, C},
  journal={Accounts of chemical research},
  volume={28},
  number={10},
  pages={423--429},
  year={1995},
  publisher={ACS Publications}
}

@article{begue2007comparison,
  title={A comparison of two methods for selecting vibrational configuration interaction spaces on a heptatomic system: {E}thylene oxide},
  author={B{\'e}gu{\'e}, D and Gohaud, N and Pouchan, C and Cassam-Chena{\"\i}, P and Li{\'e}vin, J},
  journal={The Journal of chemical physics},
  volume={127},
  number={16},
  pages={164115},
  year={2007},
  publisher={AIP Publishing}
}

@techreport{colaud2016,
  title={Notes {PyRAVCI} : Python impl{\'e}mentation of the {A-VCI} algorithm},
  author={Coulaud, O and Odulami, M and LeBris, V and B{\'e}gu{\'e}, D and Baraille, I},
  institution={INRIA and IPREM},
  year={2016}
}

@thesis{fradet2016,
  title={Master 1},
  author={Fradet, G},
  school={Universite de Pau et des Pays de l'Adour},
  year={2016}
}

@article{garnier2016adaptive,
  title={Adaptive vibrational configuration interaction {(A-VCI)}: a posteriori error estimation to efficiently compute anharmonic {IR} spectra},
  author={Garnier, R and Odunlami, M and Le Bris, V and B{\'e}gu{\'e}, D and Baraille, I and Coulaud, O},
  journal={The Journal of chemical physics},
  volume={144},
  number={20},
  pages={204123},
  year={2016},
  publisher={AIP Publishing}
}

@article{bowman1978self,
  title={Self-consistent field energies and wavefunctions for coupled oscillators},
  author={Bowman, J. M},
  journal={The Journal of Chemical Physics},
  volume={68},
  number={2},
  pages={608--610},
  year={1978},
  publisher={AIP Publishing}
}

@article{bowman1986self,
  title={The self-consistent-field approach to polyatomic vibrations},
  author={Bowman, J. M},
  journal={Accounts of Chemical Research},
  volume={19},
  number={7},
  pages={202--208},
  year={1986},
  publisher={ACS Publications}
}

@article{gerber1988self,
  title={Self-consistent-field methods for vibrational excitations in polyatomic systems},
  author={Gerber, R. B and Ratner, M. A},
  journal={Advances in Chemical Physics, edited by I. Prigogine and SA Rice (Wiley, 1988)},
  volume={70},
  pages={97--132},
  year={1988}
}

@article{gerber1979semiclassical,
  title={A semiclassical self-consistent field {(SC SCF)} approximation for eigenvalues of coupled-vibration systems},
  author={Gerber, R. B and Ratner, M. A},
  journal={Chemical Physics Letters},
  volume={68},
  number={1},
  pages={195--198},
  year={1979},
  publisher={Elsevier}
}

@article{carter2009high,
  title={High torsional vibrational energies of {H$_{2}$O$_{2}$} and {CH$_{3}$OH} studied by MULTIMODE with a large amplitude motion coupled to two effective contraction schemes},
  author={Carter, S and Handy, N. C and Bowman, J. M},
  journal={Molecular Physics},
  volume={107},
  number={8-12},
  pages={727--737},
  year={2009},
  publisher={Taylor \& Francis}
}

@article{sparta2010using,
  title={Using Electronic Energy Derivative Information in Automated Potential Energy Surface Construction for Vibrational Calculations},
  author={Sparta, Ml and Hansen, M.l B and Matito, E and Toffoli, D and Christiansen, O},
  journal={Journal of chemical theory and computation},
  volume={6},
  number={10},
  pages={3162--3175},
  year={2010},
  publisher={ACS Publications}
}

@article{yagi2008vibrational,
  title={Vibrational quasi-degenerate perturbation theory: applications to fermi resonance in {CO}$_{2}$, {H$_{2}$CO}, and {C$_{6}$H$_{6}$}},
  author={Yagi, K and Hirata, S and Hirao, K},
  journal={Physical Chemistry Chemical Physics},
  volume={10},
  number={13},
  pages={1781--1788},
  year={2008},
  publisher={Royal Society of Chemistry}
}

@article{huron1973iterative,
  title={Iterative perturbation calculations of ground and excited state energies from multiconfigurational zeroth-order wavefunctions},
  author={Huron, B and Malrieu, J. P and Rancurel, P},
  journal={The Journal of Chemical Physics},
  volume={58},
  number={12},
  pages={5745--5759},
  year={1973},
  publisher={AIP Publishing}
}

@article{michaelian2012far,
  title={Far-and mid-infrared photoacoustic spectra of tetracene, pentacene, perylene and pyrene},
  author={Michaelian, K. H and Wen, Q and Billinghurst, B. E and Shaw, J. M and Lastovka, V},
  journal={Vibrational Spectroscopy},
  volume={58},
  pages={50--56},
  year={2012},
  publisher={Elsevier}
}

@article{venuti2004phonons,
  title={Phonons and structures of tetracene polymorphs at low temperature and high pressure},
  author={Venuti, E and Della Valle, R. G and Farina, L and Brillante, A and Masino, M and Girlando, A},
  journal={Physical Review B},
  volume={70},
  number={10},
  pages={104106},
  year={2004},
  publisher={APS}
}

@article{campbell1962crystal,
  title={The crystal structure of hexacene, and a revision of the crystallographic data for tetracene},
  author={Campbell, R. B and Robertson, J. M and Trotter, J},
  journal={Acta crystallographica},
  volume={15},
  number={3},
  pages={289--290},
  year={1962},
  publisher={International Union of Crystallography}
}

@article{venuti2002probing,
  title={Probing pentacene polymorphs by lattice dynamics calculations},
  author={Venuti, E. and Della Valle, R. G and Brillante, A and Masino, M and Girlando, A},
  journal={Journal of the American Chemical Society},
  volume={124},
  number={10},
  pages={2128--2129},
  year={2002},
  publisher={ACS Publications}
}

@article{brillante2005characterization,
  title={Characterization of Phase Purity in Organic Semiconductors by Lattice-Phonon Confocal Raman Mapping: Application to Pentacene},
  author={Brillante, A and Bilotti, I and Della Valle, R. G and Venuti, E and Masino, M and Girlando, A},
  journal={Advanced Materials},
  volume={17},
  number={21},
  pages={2549--2553},
  year={2005},
  publisher={Wiley Online Library}
}

@article{campbell1961crystal,
  title={The crystal and molecular structure of pentacene},
  author={Campbell, R. B and Robertson, J. M and Trotter, J},
  journal={Acta Crystallographica},
  volume={14},
  number={7},
  pages={705--711},
  year={1961},
  publisher={International Union of Crystallography}
}

@article{holmes1999nature,
  title={On the nature of nonplanarity in the {[N]} phenylenes},
  author={Holmes, D and Kumaraswamy, S and Matzger, A. J and Vollhardt, K Peter C},
  journal={Chemistry--A European Journal},
  volume={5},
  number={11},
  pages={3399--3412},
  year={1999},
  publisher={Wiley Online Library}
}

@article{siegrist2001enhanced,
  title={Enhanced physical properties in a pentacene polymorph},
  author={Siegrist, T and Kloc, C and Sch{\"o}n, J. H and Batlogg, B and Haddon, R. C and Berg, S and Thomas, G. A},
  journal={Angewandte Chemie International Edition},
  volume={40},
  number={9},
  pages={1732--1736},
  year={2001},
  publisher={Wiley Online Library}
}

@article{mattheus2001polymorphism,
  title={Polymorphism in pentacene},
  author={Mattheus, C. C and Dros, A. B and Baas, J and Meetsma, A and de Boer, J. L and Palstra, T. T},
  journal={Acta Crystallographica Section C: Crystal Structure Communications},
  volume={57},
  number={8},
  pages={939--941},
  year={2001},
  publisher={International Union of Crystallography}
}

@article{mattheus2003identification,
  title={Identification of polymorphs of pentacene},
  author={Mattheus, C. C and Dros, A. B and Baas, J and Oostergetel, G. T and Meetsma, A and de Boer, J. L and Palstra, T. T},
  journal={Synthetic metals},
  volume={138},
  number={3},
  pages={475--481},
  year={2003},
  publisher={Elsevier}
}

@article{mattheus2003modeling,
  title={Modeling the polymorphism of pentacene},
  author={Mattheus, C. C and de Wijs, G. A and de Groot, R. A and Palstra, T. T},
  journal={Journal of the American Chemical Society},
  volume={125},
  number={20},
  pages={6323--6330},
  year={2003},
  publisher={ACS Publications}
}

@article{becke1993density,
  title={Density-functional thermochemistry. {III}. The role of exact exchange},
  author={Becke, A. D},
  journal={The Journal of chemical physics},
  volume={98},
  number={7},
  pages={5648--5652},
  year={1993},
  publisher={AIP Publishing}
}

@article{lee1988development,
  title={Development of the Colle-Salvetti correlation-energy formula into a functional of the electron density},
  author={Lee, C and Yang, W and Parr, R. G},
  journal={Physical review B},
  volume={37},
  number={2},
  pages={785},
  year={1988},
  publisher={APS}
}

@article{bauschlicher1995comparison,
  title={A comparison of the accuracy of different functionals},
  author={Bauschlicher, C. W},
  journal={Chemical Physics Letters},
  volume={246},
  number={1},
  pages={40--44},
  year={1995},
  publisher={Elsevier}
}

@article{tirado2008performance,
  title={Performance of {B3LYP} density functional methods for a large set of organic molecules},
  author={Tirado-Rives, J and Jorgensen, W. L},
  journal={Journal of Chemical Theory and Computation},
  volume={4},
  number={2},
  pages={297--306},
  year={2008},
  publisher={ACS Publications}
}

@article{stephens1994ab,
  title={Ab initio calculation of vibrational absorption and circular dichroism spectra using density functional force fields},
  author={Stephens, P. J and Devlin, F. J and Chabalowski, C. F and Frisch, M. J},
  journal={The Journal of Physical Chemistry},
  volume={98},
  number={45},
  pages={11623--11627},
  year={1994},
  publisher={ACS Publications}
}

@article{gohaud2005vibrational,
  title={Vibrational spectra of methyllithium and its aggregates: a new interpretation from ab initio anharmonic calculations},
  author={Gohaud, N and Begue, D and Pouchan, C},
  journal={Chemical physics},
  volume={310},
  number={1},
  pages={85--96},
  year={2005},
  publisher={Elsevier}
}

@article{bauschlicher1997calculation,
  title={The calculation of accurate harmonic frequencies of large molecules: the polycyclic aromatic hydrocarbons, a case study},
  author={Bauschlicher, C. W and Langhoff, S. R},
  journal={Spectrochimica Acta Part A: Molecular and Biomolecular Spectroscopy},
  volume={53},
  number={8},
  pages={1225--1240},
  year={1997},
  publisher={Elsevier}
}

@article{kristyan1994can,
  title={Can (semi) local density functional theory account for the London dispersion forces?},
  author={Kristy{\'a}n, S and Pulay, P},
  journal={Chemical physics letters},
  volume={229},
  number={3},
  pages={175--180},
  year={1994},
  publisher={Elsevier}
}

@article{hobza1995density,
  title={Density functional theory and molecular clusters},
  author={Hobza, P and Reschel, T and others},
  journal={Journal of computational chemistry},
  volume={16},
  number={11},
  pages={1315--1325},
  year={1995},
  publisher={Wiley Online Library}
}

@article{begue2006new,
  title={New theoretical and experimental infrared results on formaldehyde in solution},
  author={Begue, D and Elissalde, S and Pere, E and Iratcabal, P and Pouchan, C},
  journal={The Journal of Physical Chemistry A},
  volume={110},
  number={25},
  pages={7793--7800},
  year={2006},
  publisher={ACS Publications}
}

@article{begue2012nitrile,
  title={Nitrile imines: matrix isolation, {IR} spectra, structures, and rearrangement to carbodiimides},
  author={Begue, D and Qiao, G. G  and Wentrup, C},
  journal={Journal of the American Chemical Society},
  volume={134},
  number={11},
  pages={5339--5350},
  year={2012},
  publisher={ACS Publications}
}

@article{pople1979derivative,
  title={Derivative studies in {Hartree-Fock} and {M{\o}ller-P}lesset theories},
  author={Pople, J and Krishnan, R and Schlegel, H. B and Binkley, J. S},
  journal={International Journal of Quantum Chemistry},
  volume={16},
  number={S13},
  pages={225--241},
  year={1979},
  publisher={Wiley Online Library}
}

@article{chalasinski2000state,
  title={State of the art and challenges of the ab initio theory of intermolecular interactions},
  author={Chalasinski, G and Szczesniak, M. M},
  journal={Chemical reviews},
  volume={100},
  number={11},
  pages={4227--4252},
  year={2000},
  publisher={ACS Publications}
}

@article{johnson2006structure,
  title={Structure and binding energies in van der {W}aals dimers: Comparison between density functional theory and correlated ab initio methods},
  author={Johnson, E. R and DiLabio, G. A},
  journal={Chemical physics letters},
  volume={419},
  number={4},
  pages={333--339},
  year={2006},
  publisher={Elsevier}
}

@article{saeki2006theoretical,
  title={Theoretical Study on the Structure and the Frequency of Isomers of the Naphthalene Dimer},
  author={Saeki, M and Akagi, H and Fujii, M},
  journal={Journal of chemical theory and computation},
  volume={2},
  number={4},
  pages={1176--1183},
  year={2006},
  publisher={ACS Publications}
}

@article{eilmes2012theoretical,
  title={A theoretical study of small tetracene clusters: Stability and charge stabilization energies},
  author={Eilmes, A},
  journal={Computational and Theoretical Chemistry},
  volume={982},
  pages={25--29},
  year={2012},
  publisher={Elsevier}
}

@article{salzner2011improved,
  title={Improved prediction of properties of $\pi$-conjugated oligomers with range-separated hybrid density functionals},
  author={Salzner, U and Aydin, A},
  journal={Journal of chemical theory and computation},
  volume={7},
  number={8},
  pages={2568--2583},
  year={2011},
  publisher={ACS Publications}
}

@article{chai2008systematic,
  title={Systematic optimization of long-range corrected hybrid density functionals},
  author={Chai, J and Head-Gordon, M},
  journal={The Journal of chemical physics},
  volume={128},
  number={8},
  pages={084106},
  year={2008},
  publisher={AIP Publishing}
}

@article{krishnan1980self,
  title={Self-consistent molecular orbital methods. {XX}. A basis set for correlated wave functions},
  author={Krishnan, R. B and Binkley, J. S and Seeger, R and Pople, J. A},
  journal={The Journal of Chemical Physics},
  volume={72},
  number={1},
  pages={650--654},
  year={1980},
  publisher={AIP Publishing}
}

@article{frisch1984self,
  title={Self-consistent molecular orbital methods 25. {S}upplementary functions for Gaussian basis sets},
  author={Frisch, M. J and Pople, J. A and Binkley, J. S},
  journal={The Journal of chemical physics},
  volume={80},
  number={7},
  pages={3265--3269},
  year={1984},
  publisher={AIP Publishing}
}

@article{kresse1996efficient,
  title={Efficient iterative schemes for ab initio total-energy calculations using a plane-wave basis set},
  author={Kresse, G and Furthm{\"u}ller, J},
  journal={Physical review B},
  volume={54},
  number={16},
  pages={11169},
  year={1996},
  publisher={APS}
}

@article{grimme2006semiempirical,
  title={Semiempirical GGA-type density functional constructed with a long-range dispersion correction},
  author={Grimme, S},
  journal={Journal of computational chemistry},
  volume={27},
  number={15},
  pages={1787--1799},
  year={2006},
  publisher={Wiley Online Library}
}

@article{grimme2011effect,
  title={Effect of the damping function in dispersion corrected density functional theory},
  author={Grimme, S and Ehrlich, S and Goerigk, L},
  journal={Journal of computational chemistry},
  volume={32},
  number={7},
  pages={1456--1465},
  year={2011},
  publisher={Wiley Online Library}
}

@article{tkatchenko2009accurate,
  title={Accurate molecular van der {W}aals interactions from ground-state electron density and free-atom reference data},
  author={Tkatchenko, A and Scheffler, M},
  journal={Physical review letters},
  volume={102},
  number={7},
  pages={073005},
  year={2009},
  publisher={APS}
}

@article{tkatchenko2012accurate,
  title={Accurate and efficient method for many-body van der {W}aals interactions},
  author={Tkatchenko, A and DiStasio Jr, R A and Car, R and Scheffler, M},
  journal={Physical review letters},
  volume={108},
  number={23},
  pages={236402},
  year={2012},
  publisher={APS}
}

@article{dion2004van,
  title={Van der Waals density functional for general geometries},
  author={Dion, M and Rydberg, H and Schr{\"o}der, E and Langreth, D C and Lundqvist, B. I},
  journal={Physical review letters},
  volume={92},
  number={24},
  pages={246401},
  year={2004},
  publisher={APS}
}

@article{frisch2009gaussian,
  title={Gaussian 09, Revision {A}. 02, Gaussian},
  author={Frisch, M. J and Trucks, G. W and Schlegel, H. B and Scuseria, G. E and Robb, M. A and Cheeseman, J. R and Scalmani, G and Barone, V and Mennucci, B and Petersson, G and others},
  journal={Inc., Wallingford, CT},
  volume={200},
  year={2009}
}

@article{bauschlicher1995sensitivity,
  title={The sensitivity of {B3LYP} atomization energies to the basis set and a comparison of basis set requirements for {CCSD (T)} and {B3LYP}},
  author={Bauschlicher, C. W and Partridge, H},
  journal={Chemical physics letters},
  volume={240},
  number={5},
  pages={533--540},
  year={1995},
  publisher={Elsevier}
}

@article{dovesi2014crystal14,
  title={{CRYSTAL14}: {A} program for the ab initio investigation of crystalline solids},
  author={Dovesi, R and Orlando, R and Erba, A and Zicovich-Wilson, C M and Civalleri, B and Casassa, S and Maschio, L and Ferrabone, M and De La Pierre, M and D'Arco, P and others},
  journal={International Journal of Quantum Chemistry},
  volume={114},
  number={19},
  pages={1287--1317},
  year={2014},
  publisher={Wiley Online Library}
}

@article{bowman2008variational,
  title={Variational quantum approaches for computing vibrational energies of polyatomic molecules},
  author={Bowman, J. M and Carrington, T and Meyer, H},
  journal={Molecular Physics},
  volume={106},
  number={16-18},
  pages={2145--2182},
  year={2008},
  publisher={Taylor \& Francis}
}

@article{begue2010calculation,
  title={Calculation of {IR} frequencies and intensities in electrical and mechanical anharmonicity approximations: {A}pplication to small water clusters},
  author={B{\'e}gu{\'e}, D and Baraille, I and Garrain, P. A and Dargelos, A and Tassaing, T},
  journal={The Journal of chemical physics},
  volume={133},
  number={3},
  pages={034102},
  year={2010},
  publisher={AIP Publishing}
}

@article{baraille2001calculation,
  title={Calculation of non-fundamental {IR} frequencies and intensities at the anharmonic level. {I}. The overtone, combination and difference bands of diazomethane, {H}$_{2}$ {CN}$_{2}$},
  author={Baraille, I and Larrieu, C and Dargelos, A and Chaillet, M},
  journal={Chemical Physics},
  volume={273},
  number={2},
  pages={91--101},
  year={2001},
  publisher={Elsevier}
}

@article{malloci2007time,
  title={Time-dependent density functional study of the electronic spectra of oligoacenes in the charge states- 1, 0,+ 1, and+ 2},
  author={Malloci, G and Mulas, G and Cappellini, G and Joblin, C},
  journal={Chemical Physics},
  volume={340},
  number={1},
  pages={43--58},
  year={2007},
  publisher={Elsevier}
}

@article{brillante2002raman,
  title={Raman phonon spectra of pentacene polymorphs},
  author={Brillante, A and Della Valle, R. G and Farina, L and Girlando, A and Masino, M and Venuti, E},
  journal={Chemical physics letters},
  volume={357},
  number={1},
  pages={32--36},
  year={2002},
  publisher={Elsevier}
}

@article{brock1982temperature,
  title={Temperature dependence of thermal motion in crystalline naphthalene},
  author={Brock, C. P and Dunitz, J. D},
  journal={Acta Crystallographica Section B: Structural Crystallography and Crystal Chemistry},
  volume={38},
  number={8},
  pages={2218--2228},
  year={1982},
  publisher={International Union of Crystallography}
}

@article{facelli1993determination,
  title={Determination of molecular symmetry in crystalline naphthalene using solid-state {NMR}},
  author={Facelli, J. C and Grant, D. M},
  year={1993},
  publisher={Nature Publishing Group}
}

@article{brock1990temperature,
  title={Temperature dependence of thermal motion in crystalline anthracene},
  author={Brock, C. P and Dunitz, J. D},
  journal={Acta Crystallographica Section B: Structural Science},
  volume={46},
  number={6},
  pages={795--806},
  year={1990},
  publisher={International Union of Crystallography}
}

@article{hineno1975far,
  title={Far-ir spectra of napthalene, anthracene, biphenyl, diphenyl ether, diphenylamine, diphenyl sulfoxide, and benzophenone at liquid helium temperature},
  author={Hineno, M and Yoshinaga, H},
  journal={Spectrochimica Acta Part A: Molecular Spectroscopy},
  volume={31},
  number={5},
  pages={617--620},
  year={1975},
  publisher={Elsevier}
}

@article{tsuzuki2004high,
  title={High-level ab initio computations of structures and interaction energies of naphthalene dimers: Origin of attraction and its directionality},
  author={Tsuzuki, S and Honda, K and Uchimaru, T and Mikami, M},
  journal={The Journal of chemical physics},
  volume={120},
  number={2},
  pages={647--659},
  year={2004},
  publisher={AIP Publishing}
}

@article{walsh2002ab,
  title={An ab initio study of the low energy structures of the naphthalene dimer},
  author={Walsh, T. R},
  journal={Chemical physics letters},
  volume={363},
  number={1},
  pages={45--51},
  year={2002},
  publisher={Elsevier}
}

@article{rubevs2008investigation,
  title={Investigation of the benzene--naphthalene and naphthalene--naphthalene potential energy surfaces: {DFT/CCSD (T)} correction scheme},
  author={Rube{\v{s}}, M and Bludsk{\`y}, O and Nachtigall, P},
  journal={ChemPhysChem},
  volume={9},
  number={12},
  pages={1702--1708},
  year={2008},
  publisher={Wiley Online Library}
}

@article{boys2002calculation,
  title={The calculation of small molecular interactions by the differences of separate total energies. Some procedures with reduced errors},
  author={Boys, S. F and Bernardi, F},
  journal={Molecular Physics},
  volume={100},
  number={1},
  pages={65--73},
  year={2002},
  publisher={Taylor \& Francis}
}

@article{walsh2002ab,
  title={An ab initio study of the low energy structures of the naphthalene dimer},
  author={Walsh, T. R},
  journal={Chemical physics letters},
  volume={363},
  number={1},
  pages={45--51},
  year={2002},
  publisher={Elsevier}
}

@article{grimme2008special,
  title={Do special noncovalent $\pi$--$\pi$ stacking interactions really exist?},
  author={Grimme, S},
  journal={Angewandte Chemie International Edition},
  volume={47},
  number={18},
  pages={3430--3434},
  year={2008},
  publisher={Wiley Online Library}
}

@article{hohenstein2010density,
  title={Density fitting and Cholesky decomposition approximations in symmetry-adapted perturbation theory: Implementation and application to probe the nature of $\pi$-$\pi$ interactions in linear acenes},
  author={Hohenstein, E. G and Sherrill, C. D},
  journal={The Journal of Chemical Physics},
  volume={132},
  number={18},
  pages={184111},
  year={2010},
  publisher={AIP Publishing}
}

@article{billinghurst2010photoacoustic,
  title={Photoacoustic spectroscopy using coherent synchrotron radiation: application to $\alpha$-lactose monohydrate},
  author={Billinghurst, B and May, T and Dallin, L and Wurtz, W and de Jong, M and Michaelian, K. H},
  journal={Optics letters},
  volume={35},
  number={18},
  pages={3090--3092},
  year={2010},
  publisher={Optical Society of America}
}

@article{appalakondaiah2015dispersion,
  title={Dispersion Corrected Structural Properties and Quasiparticle Band Gaps of Several Organic Energetic Solids},
  author={Appalakondaiah, S and Vaitheeswaran, G and Leb{\`e}gue, S},
  journal={The Journal of Physical Chemistry A},
  volume={119},
  number={24},
  pages={6574--6581},
  year={2015},
  publisher={ACS Publications}
}

@article{adamo2014decrire,
	title={D{\'e}crire la structure {\'e}lectronique avec des fonctionnelles de la densit{\'e}},
	author={Adamo, C and Rebolini, E and Savin, A},
	journal={l’actualit{\'e} chimique},
	number={382-383},
	year={2014}}

@article{chai2008long,
	title={Long-range corrected hybrid density functionals with damped atom--atom dispersion corrections},
	author={Chai, J and Head-Gordon, M},
	journal={Physical Chemistry Chemical Physics},
	volume={10},
	number={44},
	pages={6615--6620},
	year={2008},
	publisher={Royal Society of Chemistry}
}

@book{kaplan2006intermolecular,
	title={Intermolecular interactions: physical picture, computational methods and model potentials},
	author={Kaplan, I. G},
	year={2006},
	publisher={John Wiley \& Sons}
}

@article{tkatchenko2009accurate,
	title={Accurate molecular van der {W}aals interactions from ground-state electron density and free-atom reference data},
	author={Tkatchenko, A and Scheffler, M},
	journal={Physical review letters},
	volume={102},
	number={7},
	pages={073005},
	year={2009},
	publisher={APS}
}

@article{kronik2014understanding,
	title={Understanding molecular crystals with dispersion-inclusive density functional theory: pairwise corrections and beyond},
	author={Kronik, Leeor and Tkatchenko, Alexandre},
	journal={Accounts of chemical research},
	volume={47},
	number={11},
	pages={3208--3216},
	year={2014},
	publisher={ACS Publications}
}

@article{buvcko2014extending,
	title={Extending the applicability of the {T}katchenko-{S}cheffler dispersion correction via iterative {H}irshfeld partitioning},
	author={Bu{\v{c}}ko, T and Leb{\`e}gue, S and {\'A}ngy{\'a}n, J. G and Hafner, J},
	journal={The Journal of chemical physics},
	volume={141},
	number={3},
	pages={034114},
	year={2014},
	publisher={AIP Publishing}
}

@article{tkatchenko2012accurate,
	title={Accurate and efficient method for many-body van der {W}aals interactions},
	author={Tkatchenko, A and DiStasio Jr, R. A and Car, R and Scheffler, M},
	journal={Physical review letters},
	volume={108},
	number={23},
	pages={236402},
	year={2012},
	publisher={APS}
}

@article{buvcko2013tkatchenko,
	title={Tkatchenko-Scheffler van der {W}aals correction method with and without self-consistent screening applied to solids},
	author={Bu{\v{c}}ko, T and Leb{\`e}gue, S and Hafner, J and {\'A}ngy{\'a}n, J. G},
	journal={Physical Review B},
	volume={87},
	number={6},
	pages={064110},
	year={2013},
	publisher={APS}
}

@article{mcgaughey1998pi,
  title={$\pi$-Stacking interactions alive and well in proteins},
  author={McGaughey, G. B and Gagn{\'e}, M and Rapp{\'e}, A. K},
  journal={Journal of Biological Chemistry},
  volume={273},
  number={25},
  pages={15458--15463},
  year={1998},
  publisher={ASBMB}
}

@article{slater1930note,
  title={Note on {H}artree's method},
  author={Slater, J. C},
  journal={Physical Review},
  volume={35},
  number={2},
  pages={210},
  year={1930},
  publisher={APS}
}

@article{buckingham1967permanent,
  title={Permanent and induced molecular moments and long-range intermolecular forces},
  author={Buckingham, A. D},
  journal={Advances in Chemical Physics: Intermolecular Forces, Volume 12},
  pages={107--142},
  year={1967},
  publisher={Wiley Online Library}
}

@article{sherrill2010counterpoise,
  title={Counterpoise correction and basis set superposition error},
  author={Sherrill, C. D},
  journal={School of Chemistry and Biochemistry, Georgia Institute of Technology},
  year={2010}
}

@article{boys1970calculation,
  title={The calculation of small molecular interactions by the differences of separate total energies. {S}ome procedures with reduced errors},
  author={Boys, S. F and Bernardi, F},
  journal={Molecular Physics},
  volume={19},
  number={4},
  pages={553--566},
  year={1970},
  publisher={Taylor \& Francis}
}

@article{london1930z,
  title={Z Phys Chem B 1930, 11, 222; Eisenschitz, R.; London, F},
  author={London, F},
  journal={Z Phys},
  volume={60},
  pages={491},
  year={1930}
}

@article{wang1927mutual,
  title={The mutual influence between hydrogen atoms},
  author={Wang, S. C},
  journal={Phys Z},
  volume={28},
  pages={663--666},
  year={1927}
}

@article{morokuma1977molecules,
  title={Why do molecules interact? {T}he origin of electron donor-acceptor complexes, hydrogen bonding and proton affinity},
  author={Morokuma, K},
  journal={Accounts of Chemical research},
  volume={10},
  number={8},
  pages={294--300},
  year={1977},
  publisher={ACS Publications}
}

@article{stevens1987frozen,
  title={Frozen fragment reduced variational space analysis of hydrogen bonding interactions. Application to the water dimer},
  author={Stevens, W. J and Fink, W. H},
  journal={Chemical physics letters},
  volume={139},
  number={1},
  pages={15--22},
  year={1987},
  publisher={Elsevier}
}

@article{chen1996energy,
  title={Energy decomposition analyses for many-body interaction and applications to water complexes},
  author={Chen, W and Gordon, M. S},
  journal={The Journal of Physical Chemistry},
  volume={100},
  number={34},
  pages={14316--14328},
  year={1996},
  publisher={ACS Publications}
}

@article{szalewicz1979symmetry,
  title={Symmetry-adapted double-perturbation analysis of intramolecular correlation effects in weak intermolecular interactions: the {H}e-{H}e interaction},
  author={Szalewicz, K and Jeziorski, B},
  journal={Molecular Physics},
  volume={38},
  number={1},
  pages={191--208},
  year={1979},
  publisher={Taylor \& Francis}
}

@article{casimir1948influence,
  title={The influence of retardation on the {L}ondon-van der {W}aals forces},
  author={Casimir, H. B and Polder, D},
  journal={Physical Review},
  volume={73},
  number={4},
  pages={360},
  year={1948},}

@article{misquitta2005intermolecular,
  title={Intermolecular potentials based on symmetry-adapted perturbation theory with dispersion energies from time-dependent density-functional calculations},
  author={Misquitta, A. J and Podeszwa, R and Jeziorski, B and Szalewicz, K},
  journal={The Journal of chemical physics},
  volume={123},
  number={21},
  pages={214103},
  year={2005},
  publisher={AIP Publishing}
}

@article{hesselmann2002first,
  title={First-order intermolecular interaction energies from Kohn--Sham orbitals},
  author={He{\ss}elmann, A and Jansen, G},
  journal={Chemical physics letters},
  volume={357},
  number={5},
  pages={464--470},
  year={2002},
  publisher={Elsevier}
}

@article{williams2001using,
  title={Using Kohn-Sham orbitals in symmetry-adapted perturbation theory to investigate intermolecular interactions},
  author={Williams, H L and Chabalowski, C. F},
  journal={The Journal of Physical Chemistry A},
  volume={105},
  number={3},
  pages={646--659},
  year={2001},
  publisher={ACS Publications}
}

@article{misquitta2005symmetry,
  title={Symmetry-adapted perturbation-theory calculations of intermolecular forces employing density-functional description of monomers},
  author={Misquitta, A J and Szalewicz, K},
  journal={The Journal of chemical physics},
  volume={122},
  number={21},
  pages={214109},
  year={2005},
  publisher={AIP Publishing}
}

@article{jansen2001comment,
  title={Comment on “{U}sing {K}ohn-{S}ham orbitals in symmetry-adapted perturbation theory to investigate intermolecular interactions”},
  author={Jansen, G and Hesselmann, A},
  journal={The Journal of Physical Chemistry A},
  volume={105},
  number={49},
  pages={11156--11157},
  year={2001},
  publisher={ACS Publications}
}

@article{hesselmann2003intermolecular,
  title={Intermolecular dispersion energies from time-dependent density functional theory},
  author={He{\ss}elmann, A and Jansen, G},
  journal={Chemical physics letters},
  volume={367},
  number={5},
  pages={778--784},
  year={2003},
  publisher={Elsevier}
}

@incollection{gross1996density,
  title={Density functional theory of time-dependent phenomena},
  author={Gross, E. K and Dobson, J. F and Petersilka, M},
  booktitle={Density functional theory II},
  pages={81--172},
  year={1996},
  publisher={Springer}
}

@article{krause1991binding,
  title={Binding energies of small benzene clusters},
  author={Krause, H and Ernstberger, B and Neusser, H. J},
  journal={Chemical physics letters},
  volume={184},
  number={5-6},
  pages={411--417},
  year={1991},
  publisher={Elsevier}
}

@article{grover1987dissociation,
  title={Dissociation energies of the benzene dimer and dimer cation},
  author={Grover, J. R and Walters, E. A and Hui, E. T},
  journal={Journal of Physical Chemistry},
  volume={91},
  number={12},
  pages={3233--3237},
  year={1987},
  publisher={ACS Publications}
}

@article{hunter1991pi,
  title={$\pi$-$\pi$ interactions: The geometry and energetics of phenylalanine-phenylalanine interactions in proteins},
  author={Hunter, C A and Singh, J and Thornton, J. M},
  journal={Journal of molecular biology},
  volume={218},
  number={4},
  pages={837--846},
  year={1991},
  publisher={Elsevier}
}

@article{fyfe1997synthetic,
  title={Synthetic supramolecular chemistry},
  author={Fyfe, M. C and Stoddart, J. F},
  journal={Accounts of chemical research},
  volume={30},
  number={10},
  pages={393--401},
  year={1997},
  publisher={ACS Publications}
}

@article{rebek1996assembly,
  title={Assembly and encapsulation with self-complementary molecules},
  author={Rebek, J},
  journal={Chemical Society Reviews},
  volume={25},
  number={4},
  pages={255--264},
  year={1996},
  publisher={Royal Society of Chemistry}
}

@article{burley1985aromatic,
  title={Aromatic-aromatic interaction: a mechanism of protein structure stabilization},
  author={Burley, S. K and Petsko, G. A},
  journal={Science},
  volume={229},
  number={4708},
  pages={23--28},
  year={1985},
  publisher={American Association for the Advancement of Science}
}

@article{janda1975benzene,
  title={Benzene dimer: a polar molecule},
  author={Janda, K. C and Hemminger, J. C and Winn, J. S and Novick, S. E and Harris, S. J and Klemperer, W},
  journal={The Journal of Chemical Physics},
  volume={63},
  number={4},
  pages={1419--1421},
  year={1975},
  publisher={AIP Publishing}
}

@article{chipman1973perturbation,
  title={Perturbation theories for the calculation of molecular interaction energies. {I}. General formalism},
  author={Chipman, D. M and Bowman, J. D and Hirschfelder, J. O},
  journal={The Journal of Chemical Physics},
  volume={59},
  number={6},
  pages={2830--2837},
  year={1973},
  publisher={AIP Publishing}
}

@article{neese2009prediction,
  title={Prediction of molecular properties and molecular spectroscopy with density functional theory: from fundamental theory to exchange-coupling},
  author={Neese, F},
  journal={Coordination Chemistry Reviews},
  volume={253},
  number={5},
  pages={526--563},
  year={2009},
  publisher={Elsevier}
}

@article{sanchez1997density,
  title={Density-functional method for very large systems with {LCAO} basis sets},
  author={S{\'a}nchez-Portal, D and Ordejon, P and Artacho, E and Soler, J. M},
  journal={International Journal of Quantum Chemistry},
  volume={65},
  number={5},
  pages={453--461},
  year={1997},
  publisher={Wiley Online Library}
}

@article{waller2006hybrid,
  title={Hybrid density functional theory for $\pi$-stacking interactions: Application to benzenes, pyridines, and {DNA} bases},
  author={Waller, M. P and Robertazzi, A and Platts, J. A and Hibbs, D. E and Williams, P. A},
  journal={Journal of computational chemistry},
  volume={27},
  number={4},
  pages={491--504},
  year={2006},
  publisher={Wiley Online Library}
}

@article{grimme2006semiempirical,
  title={Semiempirical {GGA}-type density functional constructed with a long-range dispersion correction},
  author={Grimme, S},
  journal={Journal of computational chemistry},
  volume={27},
  number={15},
  pages={1787--1799},
  year={2006},
  publisher={Wiley Online Library}
}

@article{grimme2004accurate,
  title={Accurate description of van der {W}aals complexes by density functional theory including empirical corrections},
  author={Grimme, S},
  journal={Journal of computational chemistry},
  volume={25},
  number={12},
  pages={1463--1473},
  year={2004},
  publisher={Wiley Online Library}
}

@article{becke1997density,
  title={Density-functional thermochemistry. {V}. Systematic optimization of exchange-correlation functionals},
  author={Becke, A. D},
  journal={The Journal of chemical physics},
  volume={107},
  number={20},
  pages={8554--8560},
  year={1997},
  publisher={AIP Publishing}
}

@article{lee2013sum,
  title={Sum-frequency-generation vibration spectroscopy and density functional theory calculations with dispersion corrections {(DFT-D2)} for cellulose I$\alpha$ and I$\beta$},
  author={Lee, C. M and Mohamed, N. M and Watts, H. D and Kubicki, J. D and Kim, S. H},
  journal={The Journal of Physical Chemistry B},
  volume={117},
  number={22},
  pages={6681--6692},
  year={2013},
  publisher={ACS Publications}
}

@article{park2011ab,
  title={Ab initio calculations with van der waals corrections: {B}enzene-benzene intermolecular case and graphite},
  author={Park, J and Yu, B Deok and Hong, S},
  journal={J. Korean Phys. Soc},
  volume={59},
  pages={196--19},
  year={2011}
}

@article{cohen2011challenges,
  title={Challenges for density functional theory},
  author={Cohen, A. J and Mori-S{\'a}nchez, P and Yang, W},
  journal={Chemical Reviews},
  volume={112},
  number={1},
  pages={289--320},
  year={2011},
  publisher={ACS Publications}
}

@article{r2012ccsd,
  title={{CCSD [T]} describes noncovalent interactions better than the {CCSD (T), CCSD (TQ)}, and {CCSDT} methods},
  author={Rezac, J and Simova, L and Hobza, P}
  journal={Journal of chemical theory and computation},
  volume={9},
  number={1},
  pages={364--369},
  year={2012},
  publisher={ACS Publications}
}

@article{riley2010stabilization,
  title={Stabilization and structure calculations for noncovalent interactions in extended molecular systems based on wave function and density functional theories},
  author={Riley, K.  E and Pitonnak, M and Jurecka, P and Hobza, P},
  journal={Chemical reviews},
  volume={110},
  number={9},
  pages={5023--5063},
  year={2010},
  publisher={ACS Publications}
}

@article{arunan1993rotational,
  title={The rotational spectrum, structure and dynamics of a benzene dimer},
  author={Arunan, E and Gutowsky, H. S},
  journal={The Journal of chemical physics},
  volume={98},
  number={5},
  pages={4294--4296},
  year={1993},
  publisher={AIP Publishing}
}

@article{henson1992raman,
  title={Raman-vibronic double-resonance spectroscopy of benzene dimer isotopomers},
  author={Henson, B. F and Hartland, G. V and Venturo, V. A and Felker, P. M},
  journal={The Journal of chemical physics},
  volume={97},
  number={4},
  pages={2189--2208},
  year={1992},
  publisher={AIP Publishing}
}

@article{park2006accurate,
  title={Accurate ab initio binding energies of the benzene dimer},
  author={Park, Y  and Lee, J },
  journal={The Journal of Physical Chemistry A},
  volume={110},
  number={15},
  pages={5091--5095},
  year={2006},
  publisher={ACS Publications}
}

@article{tsuzuki2002origin,
  title={Origin of attraction and directionality of the $\pi$/$\pi$ interaction: model chemistry calculations of benzene dimer interaction},
  author={Tsuzuki, S and Honda, K and Uchimaru, T and Mikami, M and Tanabe, K},
  journal={Journal of the American Chemical Society},
  volume={124},
  number={1},
  pages={104--112},
  year={2002},
  publisher={ACS Publications}
}

@article{sinnokrot2002estimates,
  title={Estimates of the ab initio limit for $\pi$-$\pi$ interactions: The benzene dimer},
  author={Sinnokrot, M and Valeev, E and Sherrill, C. D},
  journal={Journal of the American Chemical Society},
  volume={124},
  number={36},
  pages={10887--10893},
  year={2002},
  publisher={ACS Publications}
}

@article{hobza1996potential,
  title={Potential energy surface for the benzene dimer. Results of ab initio {CCSD (T)} calculations show two nearly isoenergetic structures: {T}-shaped and parallel-displaced},
  author={Hobza, P and Selzle, H. L and Schlag, E. W},
  journal={The Journal of Physical Chemistry},
  volume={100},
  number={48},
  pages={18790--18794},
  year={1996},
  publisher={ACS Publications}
}

@article{reckien2012implementation,
  title={Implementation of empirical dispersion corrections to density functional theory for periodic systems},
  author={Reckien, W and Janetzko, F and Peintinger, M. F and Bredow, T},
  journal={Journal of computational chemistry},
  volume={33},
  number={25},
  pages={2023--2031},
  year={2012},
  publisher={Wiley Online Library}
}

@article{jackson2013controlling,
    title={Controlling conformations of conjugated polymers and small molecules: The role of nonbonding interactions},
    author={Jackson, N. E and Savoie, B. M and Kohlstedt, K. L and Olvera De La Cruz, M and Schatz, G. C and Chen, L. X and Ratner, M A},
    journal={Journal of the American Chemical Society},
    volume={135},
    number={28},
    pages={10475--10483},
    year={2013},
    publisher={ACS Publications}
}

@article{eyssautier2011insight,
    title={Insight into asphaltene nanoaggregate structure inferred by small angle neutron and {X}-ray scattering},
    author={Eyssautier, J and Levitz, P and Espinat, D and Jestin, J and Gummel, J and Grillo, I and Barr{\'e}, L},
    journal={The Journal of Physical Chemistry B},
    volume={115},
    number={21},
    pages={6827--6837},
    year={2011},
    publisher={ACS Publications}
}

@article{teklebrhan2012probing,
    title={Probing structure--nanoaggregation relations of polyaromatic surfactants: a molecular dynamics simulation and dynamic light scattering study},
    author={Teklebrhan, R. B and Ge, L and Bhattacharjee, S and Xu, Z and Sjoblom, J},
    journal={The Journal of Physical Chemistry B},
    volume={116},
    number={20},
    pages={5907--5918},
    year={2012},
    publisher={ACS Publications}
}

@article{teklebrhan2014initial,
    title={Initial partition and aggregation of uncharged polyaromatic molecules at the oil--water interface: a molecular dynamics simulation study},
    author={Teklebrhan, R. B and Ge, L and Bhattacharjee, S and Xu, Z and Sjoblom, J},
    journal={The Journal of Physical Chemistry B},
    volume={118},
    number={4},
    pages={1040--1051},
    year={2014},
    publisher={ACS Publications}
}

@article{gao2014molecular,
    title={Molecular dynamics simulation: the behavior of asphaltene in crude oil and at the oil/water interface},
    author={Gao, F and Xu, Z and Liu, G and Yuan, S},
    journal={Energy \& Fuels},
    volume={28},
    number={12},
    pages={7368--7376},
    year={2014},
    publisher={ACS Publications}
}

@article{huang2012molecular,
    title={Molecular dynamics simulation of thionated hen egg white lysozyme},
    author={Huang, W and Eichenberger, A. P and van Gunsteren, W. F},
    journal={Protein Science},
    volume={21},
    number={8},
    pages={1153--1161},
    year={2012},
    publisher={Wiley Online Library}
}

@article{yang2015asphaltene,
    title={{Asphaltene Subfractions Responsible for Stabilizing Water-in-Crude Oil Emulsions}. {P}art 2: {Molecular Representations and Molecular Dynamics Simulations}},
    author={Yang, F and Tchoukov, P and Dettman, H and Teklebrhan, R. B and Liu, L and Dabros, T and Czarnecki, J and Masliyah, J and Xu, Z},
    journal={Energy \& Fuels},
    volume={29},
    number={8},
    pages={4783--4794},
    year={2015},
    publisher={ACS Publications}
}

@article{mikami2013molecular,
    title={Molecular dynamics simulations of asphaltenes at the oil--water interface: from nanoaggregation to thin-film formation},
    author={Mikami, Y and Liang, Y and Matsuoka, T and Boek, E. S},
    journal={Energy \& Fuels},
    volume={27},
    number={4},
    pages={1838--1845},
    year={2013},
    publisher={ACS Publications}
}

@article{frigerio2011multiscale,
    title={A multiscale approach to the simulation of asphaltenes},
    author={Frigerio, F and Molinari, D},
    journal={Computational and Theoretical Chemistry},
    volume={975},
    number={1},
    pages={76--82},
    year={2011},
    publisher={Elsevier}
}

@article{sodero2016investigation,
	title={Investigation of the Effect of Sulfur Heteroatom on Asphaltene Aggregation},
	author={Sodero, A. C  and Santos-Silva, H and Guevara Level, P and Bouyssiere, B and Korb, J and Carrier, H and Alfarra, A and B{\'e}gu{\'e}, D and Baraille, I},
	journal={Energy \& Fuels},
          volume={30},
          number={6},
          pages={4758--4766},
	year={2016},
	publisher={ACS Publications}
}

@online{nist,
	author = {Shen, V. K.; Siderius, D. W.; Krekelberg, W. P.},
	title = {NIST Standard Reference Simulation Website, NIST Standard Reference Database Number 173},
	year = 2015,
	url = {http://www.nist.gov/mml/csd/informatics_research/srsw.cfm},
	urldate = {2015-12-22}
}

@article{kendrick1963mass,
	title={A Mass Scale Based on {CH$_{2}$}= 14.0000 for High Resolution Mass Spectrometry of Organic Compounds.},
	author={Kendrick, E},
	journal={Analytical Chemistry},
	volume={35},
	number={13},
	pages={2146--2154},
	year={1963},
	publisher={ACS Publications}
}

@article{hughey2001kendrick,
	title={Kendrick mass defect spectrum: a compact visual analysis for ultrahigh-resolution broadband mass spectra},
	author={Hughey, C. A and Hendrickson, C. L and Rodgers, R. P and Marshall, A. G and Qian, K},
	journal={Analytical Chemistry},
	volume={73},
	number={19},
	pages={4676--4681},
	year={2001},
	publisher={ACS Publications}
}

@article{liu2015molecular,
	title={Molecular dynamics simulation of self-aggregation of asphaltenes at an oil/water interface: formation and destruction of the asphaltene protective film},
	author={Liu, J and Zhao, Y and Ren, S},
	journal={Energy \& Fuels},
	volume={29},
	number={2},
	pages={1233--1242},
	year={2015},
	publisher={ACS Publications}
}

@article{mullins2010modified,
	title={The modified yen model},
	author={Mullins, O. C},
	journal={Energy \& Fuels},
	volume={24},
	number={4},
	pages={2179--2207},
	year={2010},
	publisher={ACS Publications}
}

@article{mullins2011asphaltenes,
	title={The asphaltenes},
	author={Mullins, O. C},
	journal={Annual Review of Analytical Chemistry},
	volume={4},
	pages={393--418},
	year={2011},
	publisher={Annual Reviews}
}

@article{mullins2012advances,
	title={Advances in asphaltene science and the Yen--Mullins model},
	author = {O. C. Mullins and Hassan, S and  Eyssautier, J and  Pomerantz, A. E  and  Barr\'e, L and Ballard, A and  Ruiz-Morales, Y and Mostowfi, M and McFarlane, R and  Goual, L and Lepkowicz, R and Cooper, T and Orbulescu, J and  Leblanc, R. M and  Edwards, J and Zare, R},
	journal={Energy \& Fuels},
	volume={26},
	number={7},
	pages={3986--4003},
	year={2012},
	publisher={ACS Publications}
}

@article{kim2009automated,
	title={Automated electrospray ionization {FT-ICR} mass spectrometry for petroleum analysis},
	author={Kim, S and Rodgers, R. P and Blakney, G. T and Hendrickson, C. L and Marshall, A. G},
	journal={Journal of the American Society for Mass Spectrometry},
	volume={20},
	number={2},
	pages={263--268},
	year={2009},
	publisher={Elsevier}
}

@article{stanford2007compositional,
	title={Compositional characterization of bitumen/water emulsion films by negative-and positive-ion electrospray ionization and field desorption/ionization Fourier transform ion cyclotron resonance mass spectrometry},
	author={Stanford, L. A and Rodgers, R. P and Marshall, A. G and Czarnecki, J and Wu, X. A},
	journal={Energy \& fuels},
	volume={21},
	number={2},
	pages={963--972},
	year={2007},
	publisher={ACS Publications}
}

@article{shi2010characterization,
	title={Characterization of heteroatom compounds in a crude oil and its saturates, aromatics, resins, and asphaltenes {(SARA)} and non-basic nitrogen fractions analyzed by negative-ion electrospray ionization Fourier transform ion cyclotron resonance mass spectrometry},
	author={Shi, Q and Hou, D and Chung, K. H and Xu, C and Zhao, S and Zhang, Y},
	journal={Energy \& Fuels},
	volume={24},
	number={4},
	pages={2545--2553},
	year={2010},
	publisher={ACS Publications}
}

@article{mullins2008contrasting,
	title={Contrasting perspective on asphaltene molecular weight. This comment vs the overview of {AA} Herod, {KD} Bartle, and {R}. Kandiyoti},
	author={Mullins, O. C and Mart{\'\i}nez-Haya, B and Marshall, A. G},
	journal={Energy \& Fuels},
	volume={22},
	number={3},
	pages={1765--1773},
	year={2008},
	publisher={ACS Publications}
}

@article{durand2010effect,
	title={Effect of chemical composition on asphaltenes aggregation},
	author={Durand, E and Clemancey, M and Lancelin, J. M and Verstraete, J and Espinat, D and Quoineaud, A},
	journal={Energy Fuels},
	volume={24},
	number={2},
	pages={1051--1062},
	year={2010}
}

@article{schafer1992fully,
	title={Fully optimized contracted {G}aussian basis sets for atoms {L}i to {K}r},
	author={Sch{\"a}fer, A and Horn, H and Ahlrichs, R},
	journal={The Journal of Chemical Physics},
	volume={97},
	number={4},
	pages={2571--2577},
	year={1992},
	publisher={AIP Publishing}
}

@article{weigend2005balanced,
	title={Balanced basis sets of split valence, triple zeta valence and quadruple zeta valence quality for {H} to {R}n: design and assessment of accuracy},
	author={Weigend, F and Ahlrichs, R},
	journal={Physical Chemistry Chemical Physics},
	volume={7},
	number={18},
	pages={3297--3305},
	year={2005},
	publisher={Royal Society of Chemistry}
}

@article{becke1993density,
	title={Density-functional thermochemistry. {III}. The role of exact exchange},
	author={Becke, A. D},
	journal={The Journal of chemical physics},
	volume={98},
	number={7},
	pages={5648--5652},
	year={1993},
	publisher={AIP Publishing}
}

@article{lee1988development,
	title={Development of the Colle-Salvetti correlation-energy formula into a functional of the electron density},
	author={Lee, C and Yang, W and Parr, R. G},
	journal={Physical review B},
	volume={37},
	number={2},
	pages={785},
	year={1988},
	publisher={APS}
}

@article{stephens1994ab,
	title={Ab initio calculation of vibrational absorption and circular dichroism spectra using density functional force fields},
	author={Stephens, P. J and Devlin, F. J and Chabalowski, C. F and Frisch, M. J},
	journal={The Journal of Physical Chemistry},
	volume={98},
	number={45},
	pages={11623--11627},
	year={1994},
	publisher={ACS Publications}
} 

@article{neese2012orca,
	title={The ORCA program system},
	author={Neese, F},
	journal={Wiley Interdisciplinary Reviews: Computational Molecular Science},
	volume={2},
	number={1},
	pages={73--78},
	year={2012},
	publisher={Wiley Online Library}
}

@article{schuler2015unraveling,
	title={Unraveling the molecular structures of asphaltenes by atomic force microscopy},
	author={Schuler, B and Meyer, G and Pe{\~n}a, D and Mullins, O C and Gross, L},
	journal={Journal of the American Chemical Society},
	volume={137},
	number={31},
	pages={9870--9876},
	year={2015},
	publisher={ACS Publications}
}

@article{schuettelkopf2004prodrg,
	title={PRODRG: a tool for high-throughput crystallography of protein--ligand complexes},
	author={Sch{\"u}ttelkopf, A. W and Van Aalten, D},
	journal={Acta Crystallographica Section D: Biological Crystallography},
	volume={60},
	number={8},
	pages={1355--1363},
	year={2004},
	publisher={International Union of Crystallography}
}

@article{van1998gromos,
	title={{GROMO}S force field},
	author={van Gunsteren, W. F and Daura, X and Mark, A. E},
	journal={Encyclopedia of computational chemistry},
	year={1998},
	publisher={Wiley Online Library}
}

@article{oostenbrink2004biomolecular,
	title={A biomolecular force field based on the free enthalpy of hydration and solvation: the {GROMOS} force-field parameter sets 53{A}5 and 53{A}6},
	author={Oostenbrink, C and Villa, A and Mark, A. E and Van Gunsteren, W. F},
	journal={Journal of computational chemistry},
	volume={25},
	number={13},
	pages={1656--1676},
	year={2004},
	publisher={Wiley Online Library}
}

@article{mullins2011asphaltenes,
	title={The asphaltenes},
	author={Mullins, O. C},
	journal={Annual Review of Analytical Chemistry},
	volume={4},
	pages={393--418},
	year={2011},
	publisher={Annual Reviews}
}

@article{benamsili2013multi,
	title={Multi-dimensional Nuclear Magnetic Resonance Characterizations of Dynamics and Saturations of Brine/Crude Oil/Mud Filtrate Mixtures Confined in Rocks: The Role of Asphaltene},
	author={Benamsili, L and Korb, J and Hamon, G and Louis-Joseph, A and Bouyssiere, B and Zhou, H and Bryant, R. G},
	journal={Energy \& Fuels},
	volume={28},
	number={3},
	pages={1629--1640},
	year={2013},
	publisher={ACS Publications}
}

@article{adams2014asphaltene,
	title={Asphaltene adsorption, a literature review},
	author={Adams, J. J},
	journal={Energy \& Fuels},
	volume={28},
	number={5},
	pages={2831--2856},
	year={2014},
	publisher={ACS Publications}
}

@article{eyssautier2011insight,
	title={Insight into asphaltene nanoaggregate structure inferred by small angle neutron and {X}-ray scattering},
	author={Eyssautier, J and Levitz, P and Espinat, D and Jestin, J and Gummel, J and Grillo, I and Barr{\'e}, L},
	journal={The Journal of Physical Chemistry B},
	volume={115},
	number={21},
	pages={6827--6837},
	year={2011},
	publisher={ACS Publications}
}

@article{korb2013probing,
	title={Probing structure and dynamics of bulk and confined crude oils by multiscale {NMR} spectroscopy, diffusometry, and relaxometry},
	author={Korb, J and Louis-Joseph, A and Benamsili, L},
	journal={The Journal of Physical Chemistry B},
	volume={117},
	number={23},
	pages={7002--7014},
	year={2013},
	publisher={ACS Publications}
}

@article{sabbah2011evidence,
	title={Evidence for island structures as the dominant architecture of asphaltenes},
	author={Sabbah, H and Morrow, A. L and Pomerantz, A. E and Zare, R. N},
	journal={Energy \& Fuels},
	volume={25},
	number={4},
	pages={1597--1604},
	year={2011},
	publisher={ACS Publications}
}

@article{sedghi2013effect,
	title={Effect of asphaltene structure on association and aggregation using molecular dynamics},
	author={Sedghi, M and Goual, L and Welch, W and Kubelka, J},
	journal={The Journal of Physical Chemistry B},
	volume={117},
	number={18},
	pages={5765--5776},
	year={2013},
	publisher={ACS Publications}
}

@article{liu2015molecular,
	title={Molecular dynamics simulation of self-aggregation of asphaltenes at an oil/water interface: formation and destruction of the asphaltene protective film},
	author={Liu, J and Zhao, Y and Ren, S},
	journal={Energy \& Fuels},
	volume={29},
	number={2},
	pages={1233--1242},
	year={2015},
	publisher={ACS Publications}
}

@article{gao2014molecular,
	title={Molecular dynamics simulation: the behavior of asphaltene in crude oil and at the oil/water interface},
	author={Gao, F and Xu, Z and Liu, G and Yuan, S},
	journal={Energy \& Fuels},
	volume={28},
	number={12},
	pages={7368--7376},
	year={2014},
	publisher={ACS Publications}
}

@article{berendsen1995gromacs,
	title={GROMACS: a message-passing parallel molecular dynamics implementation},
	author={Berendsen, H and van der Spoel, D and van Drunen, R},
	journal={Computer Physics Communications},
	volume={91},
	number={1},
	pages={43--56},
	year={1995},
	publisher={Elsevier}
}

@article{hess2008gromacs,
	title={GROMACS 4: algorithms for highly efficient, load-balanced, and scalable molecular simulation},
	author={Hess, B and Kutzner, C and Van Der Spoel, D and Lindahl, E},
	journal={Journal of chemical theory and computation},
	volume={4},
	number={3},
	pages={435--447},
	year={2008},
	publisher={ACS Publications}
}

@article{van2005gromacs,
	title={GROMACS: fast, flexible, and free},
	author={Van Der Spoel, D and Lindahl, E and Hess, B and Groenhof, G and Mark, A. E and Berendsen, H},
	journal={Journal of computational chemistry},
	volume={26},
	number={16},
	pages={1701--1718},
	year={2005},
	publisher={Wiley Online Library}
}

@article{teklebrhan2014initial,
	title={Initial partition and aggregation of uncharged polyaromatic molecules at the oil--water interface: a molecular dynamics simulation study},
	author={Teklebrhan, R. B and Ge, L and Bhattacharjee, S and Xu, Z and Sj\"oblom, J},
	journal={The Journal of Physical Chemistry B},
	volume={118},
	number={4},
	pages={1040--1051},
	year={2014},
	publisher={ACS Publications}
}

@article{kuznicki2008molecular,
	title={Molecular dynamics study of model molecules resembling asphaltene-like structures in aqueous organic solvent systems},
	author={Kuznicki, T and Masliyah, J. H and Bhattacharjee, S},
	journal={Energy \& Fuels},
	volume={22},
	number={4},
	pages={2379--2389},
	year={2008},
	publisher={ACS Publications}
}

@article{kuznicki2009aggregation,
	title={Aggregation and partitioning of model asphaltenes at toluene- water interfaces: Molecular dynamics simulations},
	author={Kuznicki, T and Masliyah, J. H and Bhattacharjee, S},
	journal={Energy \& Fuels},
	volume={23},
	number={10},
	pages={5027--5035},
	year={2009},
	publisher={ACS Publications}
}

@article{teklebrhan2012probing,
	title={Probing structure--nanoaggregation relations of polyaromatic surfactants: a molecular dynamics simulation and dynamic light scattering study},
	author={Teklebrhan, R. B and Ge, L and Bhattacharjee, S and Xu, Z and Sj\"oblom, J},
	journal={The Journal of Physical Chemistry B},
	volume={116},
	number={20},
	pages={5907--5918},
	year={2012},
	publisher={ACS Publications}
}

@article{hanwell2012avogadro,
	title={Avogadro: An advanced semantic chemical editor, visualization, and analysis platform},
	author={Hanwell, M. D and Curtis, D and Lonie, D and Vandermeersch, T and Zurek, E and Hutchison, G. R},
	journal={J. Cheminformatics},
	volume={4},
	number={1},
	pages={17},
	year={2012}
}

@article{bussi2007canonical,
	title={Canonical sampling through velocity rescaling},
	author={Bussi, G and Donadio, D and Parrinello, M},
	journal={The Journal of chemical physics},
	volume={126},
	number={1},
	pages={014101},
	year={2007},
	publisher={AIP Publishing}
}

@article{berendsen1984molecular,
	title={Molecular dynamics with coupling to an external bath},
	author={Berendsen, H and Postma, J van and van Gunsteren, W. F and DiNola, A and Haak, J. R},
	journal={The Journal of chemical physics},
	volume={81},
	number={8},
	pages={3684--3690},
	year={1984},
	publisher={AIP Publishing}
}

@article{hess1997lincs,
	title={LINCS: a linear constraint solver for molecular simulations},
	author={Hess, B and Bekker, H and Berendsen, H and Fraaije, J},
	journal={Journal of computational chemistry},
	volume={18},
	number={12},
	pages={1463--1472},
	year={1997},
	publisher={Citeseer}
}

@article{hoover1985canonical,
	title={Canonical dynamics: equilibrium phase-space distributions},
	author={Hoover, W. G},
	journal={Physical Review A},
	volume={31},
	number={3},
	pages={1695},
	year={1985},
	publisher={APS}
}

@article{nose1984molecular,
	title={A molecular dynamics method for simulations in the canonical ensemble},
	author={Nos{\'e}, S},
	journal={Molecular physics},
	volume={52},
	number={2},
	pages={255--268},
	year={1984},
	publisher={Taylor \& Francis}
}

@article{parrinello1981polymorphic,
	title={Polymorphic transitions in single crystals: A new molecular dynamics method},
	author={Parrinello, M and Rahman, A},
	journal={Journal of Applied physics},
	volume={52},
	number={12},
	pages={7182--7190},
	year={1981},
	publisher={AIP Publishing}
}

@article{essmann1995smooth,
	title={A smooth particle mesh Ewald method},
	author={Essmann, U and Perera, L and Berkowitz, M. L and Darden, T and Lee, H and Pedersen, L. G},
	journal={The Journal of chemical physics},
	volume={103},
	number={19},
	pages={8577--8593},
	year={1995},
	publisher={AIP Publishing}
}

@article{verlet1967computer,
	title={Computer" experiments" on classical fluids. I. Thermodynamical properties of Lennard-Jones molecules},
	author={Verlet, L},
	journal={Physical review},
	volume={159},
	number={1},
	pages={98},
	year={1967},
	publisher={APS}
}

@article{barre2009relation,
	title={Relation between nanoscale structure of asphaltene aggregates and their macroscopic solution properties},
	author={Barr{\'e}, L and Jestin, J and Morisset, A and Palermo, T and Simon, S},
	journal={Oil \& Gas Science and Technology-Revue de l'IFP},
	volume={64},
	number={5},
	pages={617--628},
	year={2009},
	publisher={EDP Sciences}
}

@article{gonzalez2000quantum,
  title={A Quantum Chemistry Study of the van der Waals Dimers of Benzene, Naphthalene, and Anthracene: Crossed (D$_{2d}$) and Parallel-Displaced (C$_{2h}$) Dimers of Very Similar Energies in the Linear Polyacenes},
  author={Gonzalez, C and Lim, E. C},
  journal={The Journal of Physical Chemistry A},
  volume={104},
  number={13},
  pages={2953--2957},
  year={2000},
  publisher={ACS Publications}
}

@article{cataldo2013far,
  title={Far infrared (terahertz) spectroscopy of a series of polycyclic aromatic hydrocarbons and application to structure interpretation of asphaltenes and related compounds},
  author={Cataldo, F and Angelini, G and Garc{\'\i}a-Hern{\'a}ndez, D l and Manchado, A},
  journal={Spectrochimica Acta Part A: Molecular and Biomolecular Spectroscopy},
  volume={111},
  pages={68--79},
  year={2013},
  publisher={Elsevier}
}

@article{krainov1964vibrational,
  title={The Vibrational Spectra of Aromatic Compounds. {X}ix. Calculation and Interpretation of the Vibrational Spectra of {N}aphthalene and Some {D}euterionaphthalenes},
  author={Krainov, E. P},
  journal={Opt. Spectr.(USSR)(English Transl.)},
  volume={16},
  year={1964}
}

@article{bussery1989semi,
  title={Semi-empirical determination of the long-range molecular states dissociating to {C (3PJ)}+ {O (3PJ)}},
  author={Bussery, B and Rosenkrantz, M. E and Konowalow, D. D and Aubert-Fr{\'e}con, M},
  journal={Chemical Physics},
  volume={134},
  number={1},
  pages={7--18},
  year={1989},
  publisher={Elsevier}
}

@article{fontana1961theory,
  title={Theory of long-range interatomic forces. {I}. dispersion energies between unexcited atoms},
  author={Fontana, P. R},
  journal={Physical Review},
  volume={123},
  number={5},
  pages={1865},
  year={1961},
  publisher={APS}
}

@article{fontana1962theory,
  title={Theory of Long-Range Interatomic Forces. {III}. {F}irst-{Order Interaction Energies in the Coupled Representation}},
  author={Fontana, P. R},
  journal={Physical Review},
  volume={125},
  number={5},
  pages={1597},
  year={1962},
  publisher={APS}
}

@article{saute1982calculated,
  title={Calculated long-range potential-energy curves for the 23 molecular states of {I}$_{2}$},
  author={Saute, M and Aubert-Fr{\'e}con, M},
  journal={The Journal of Chemical Physics},
  volume={77},
  number={11},
  pages={5639--5646},
  year={1982},
  publisher={AIP Publishing}
}

@article{buehler1951bipolar,
  title={Bipolar expansion of Coulombic potentials},
  author={Buehler, R. J and Hirschfelder, J. O},
  journal={Physical Review},
  volume={83},
  number={3},
  pages={628},
  year={1951},
  publisher={APS}
}

@article{hylleraas1931elektronenterme,
  title={{\"u}ber die Elektronenterme des Wasserstoffmolek{\"u}ls},
  author={Hylleraas, E. A},
  journal={Zeitschrift f{\"u}r Physik},
  volume={71},
  number={11-12},
  pages={739--763},
  year={1931},
  publisher={Springer}
}

@article{proctor1977long,
  title={The long-range interactions of {S}-state alkali atoms with rare gas and hydrogen atoms},
  author={Proctor, T. R and Stwalley, W. C},
  journal={The Journal of Chemical Physics},
  volume={66},
  number={5},
  pages={2063--2073},
  year={1977},
  publisher={AIP Publishing}
}

@article{davison1968atomic,
  title={Atomic dipole-quadrupole dispersion forces},
  author={Davison, W. D},
  journal={Journal of Physics B: Atomic and Molecular Physics},
  volume={1},
  number={2},
  pages={139},
  year={1968},
  publisher={IOP Publishing}
}

@phdthesis{ayma1997etude,
  title={Etude des propri{\'e}t{\'e}s {\'e}lectroniques de diffusion des syst{\`e}mes p{\'e}riodiques. Application aux semi-conducteurs {\`a} structure zinc-blende},
  author={Ayma, D},
  year={1997}
}

@article{dalgarno1966calculation,
  title={The calculation of van der {W}aals interactions},
  author={Dalgarno, A and Davison, W. D},
  journal={Advances in atomic and molecular physics},
  volume={2},
  pages={1--32},
  year={1966},
  publisher={Elsevier}
}

@article{linder1962generalized,
  title={Generalized form for dispersion interaction},
  author={Linder, B},
  journal={The Journal of Chemical Physics},
  volume={37},
  number={5},
  pages={963--966},
  year={1962},
  publisher={AIP Publishing}
}

@article{chan1965long,
  title={The long-range interaction of atoms and molecules},
  author={Chan, Y. M and Dalgarno, A},
  journal={Molecular Physics},
  volume={9},
  number={4},
  pages={349--356},
  year={1965},
  publisher={Taylor \& Francis}
}

@article{dalgarno1966long,
  title={Long range three-body forces between {H}elium and {H}ydrogen atoms},
  author={Dalgarno, A and Victor, G. A},
  journal={Molecular Physics},
  volume={10},
  number={4},
  pages={333--337},
  year={1966},
  publisher={Taylor \& Francis}
}

@article{casimir1948influence,
  title={The influence of retardation on the {L}ondon-van der {W}aals forces},
  author={Casimir, H.  and Polder, D},
  journal={Physical Review},
  volume={73},
  number={4},
  pages={360},
  year={1948},
  publisher={APS}
}

@article{orr1971perturbation,
  title={Perturbation theory of the non-linear optical polarization of an isolated system},
  author={Orr, B. J and Ward, J. F},
  journal={Molecular Physics},
  volume={20},
  number={3},
  pages={513--526},
  year={1971},
  publisher={Taylor \& Francis}
}

@article{sherrill2009assessment,
  title={An Assessment of Theoretical Methods for Nonbonded Interactions: Comparison to Complete Basis Set Limit Coupled-Cluster Potential Energy Curves for the Benzene Dimer, the Methane Dimer, Benzene- Methane, and Benzene- H2S†},
  author={Sherrill, C. D and Takatani, T and Hohenstein, E. G},
  journal={The Journal of Physical Chemistry A},
  volume={113},
  number={38},
  pages={10146--10159},
  year={2009},
  publisher={ACS Publications}
}

@article{rocca2014random,
  title={Random-phase approximation correlation energies from Lanczos chains and an optimal basis set: Theory and applications to the benzene dimer},
  author={Rocca, D},
  journal={The Journal of chemical physics},
  volume={140},
  number={18},
  pages={18A501},
  year={2014},
  publisher={AIP Publishing}
}

@article{meijer1996density,
  title={A density-functional study of the intermolecular interactions of benzene},
  author={Meijer, E. J and Sprik, M},
  journal={The Journal of chemical physics},
  volume={105},
  number={19},
  pages={8684--8689},
  year={1996},
  publisher={AIP Publishing}
}

@article{katrusiak2010association,
  title={Association {CH}{\textperiodcentered}{\textperiodcentered}{\textperiodcentered} $\pi$ and No van der Waals Contacts at the Lowest Limits of Crystalline Benzene {I} and {II} Stability Regions},
  author={Katrusiak, A and Podsiad{\l}o, M and Budzianowski, A},
  journal={Crystal Growth \& Design},
  volume={10},
  number={8},
  pages={3461--3465},
  year={2010},
  publisher={ACS Publications}
}

@article{fabbiani2006exploration,
  title={Exploration of the high-pressure behaviour of polycyclic aromatic hydrocarbons: naphthalene, phenanthrene and pyrene},
  author={Fabbiani, F and Allan, D. R and Parsons, S and Pulham, C. R},
  journal={Acta Crystallographica Section B: Structural Science},
  volume={62},
  number={5},
  pages={826--842},
  year={2006},
  publisher={International Union of Crystallography}
}

@article{brock1990temperature,
  title={Temperature dependence of thermal motion in crystalline anthracene},
  author={Brock, C. p and Dunitz, J. D},
  journal={Acta Crystallographica Section B: Structural Science},
  volume={46},
  number={6},
  pages={795--806},
  year={1990},
  publisher={International Union of Crystallography}
}

@article{sondermann1985x,
  title={X-ray diffraction study of the phase transition in crystalline tetracene},
  author={Sondermann, U and Kutoglu, A and Bassler, H},
  journal={The Journal of Physical Chemistry},
  volume={89},
  number={9},
  pages={1735--1741},
  year={1985},
  publisher={ACS Publications}
}

@article{campbell1962crystal,
  title={The crystal structure of hexacene, and a revision of the crystallographic data for tetracene},
  author={Campbell, R; B and Robertson, J  and Trotter, J},
  journal={Acta crystallographica},
  volume={15},
  number={3},
  pages={289--290},
  year={1962},
  publisher={International Union of Crystallography}
}

@article{mattheus2001polymorphism,
  title={Polymorphism in pentacene},
  author={Mattheus, C. C and Dros, A. B and Baas, J and Meetsma, A and de Boer, J. L and Palstra, T},
  journal={Acta Crystallographica Section C: Crystal Structure Communications},
  volume={57},
  number={8},
  pages={939--941},
  year={2001},
  publisher={International Union of Crystallography}
}

@inproceedings{burns1960refinement,
  title={Refinement of the Structure of Chrysene},
  author={Burns, D. M and Iball, J},
  booktitle={Proceedings of the Royal Society of London A: Mathematical, Physical and Engineering Sciences},
  volume={257},
  number={1291},
  pages={491--514},
  year={1960},
  organization={The Royal Society}
}

@article{belsky1984fluorene,
  title={Fluorene, {C}$_{13}${H}$_{10}$},
  author={Belsky, V. K and Zavodnik, V. E and Vozzhennikov, V. M},
  journal={Acta Crystallographica Section C: Crystal Structure Communications},
  volume={40},
  number={7},
  pages={1210--1211},
  year={1984},
  publisher={International Union of Crystallography}
}

@article{kalescky2013description,
  title={Description of Aromaticity with the Help of Vibrational Spectroscopy: Anthracene and Phenanthrene},
  author={Kalescky, R and Kraka, E and Cremer, D},
  journal={The Journal of Physical Chemistry A},
  volume={118},
  number={1},
  pages={223--237},
  year={2013},
  publisher={ACS Publications}
}

@article{bree1968infrared,
  title={Infrared spectrum of anthracene crystals},
  author={Bree, A and Kydd, RA},
  journal={The Journal of Chemical Physics},
  volume={48},
  number={12},
  pages={5319--5325},
  year={1968},
  publisher={AIP Publishing}
}

@article{spillebout2014discerning,
  title={On Discerning Intermolecular and Intramolecular Vibrations in Experimental Acene Spectra},
  author={Spillebout, F and Begue, D and Baraille, I and Shaw, J. M},
  journal={Energy \& Fuels},
  volume={28},
  number={5},
  pages={2933--2947},
  year={2014},
  publisher={ACS Publications}
}

@article{godec1976interpretation,
  title={Interpretation of the vibrational spectrum of crystalline phenanthrene},
  author={Godec, J and Colombo, L},
  journal={The Journal of Chemical Physics},
  volume={65},
  number={11},
  pages={4693--4700},
  year={1976},
  publisher={AIP Publishing}
}

@article{bree1972vibrational,
  title={A vibrational analysis for phenanthrene},
  author={Bree, A and Solven, F. G t and Vilkos, V. V},
  journal={Journal of Molecular Spectroscopy},
  volume={44},
  number={2},
  pages={298--319},
  year={1972},
  publisher={Elsevier}
}

@article{michaelian2009far,
  title={Far-infrared photoacoustic spectra of tetracene, pentacene, perylene and pyrene},
  author={Michaelian, K. H and Billinghurst, B. E and Shaw, J. M and Lastovka, V},
  journal={Vibrational Spectroscopy},
  volume={49},
  number={1},
  pages={28--31},
  year={2009},
  publisher={Elsevier}
}

@article{zhang1996far,
  title={Far-infrared emission spectra of selected gas-phase {PAH}s: Spectroscopic fingerprints},
  author={Zhang, K and Guo, B and Colarusso, P and Bernath, P. F},
  journal={Science},
  volume={274},
  number={5287},
  pages={582},
  year={1996},
  publisher={The American Association for the Advancement of Science}
}

@article{michaelian2014raman,
  title={Raman and photoacoustic infrared spectra of fluorene derivatives: Experiment and calculations},
  author={Michaelian, K. H and Oladepo, S. A and Shaw, J. M and Liu, X and B{\'e}gu{\'e}, D and Baraille, I},
  journal={Vibrational Spectroscopy},
  volume={74},
  pages={33--46},
  year={2014},
  publisher={Elsevier}
}

@article{buvcko2013tkatchenko,
  title={Tkatchenko-Scheffler van der Waals correction method with and without self-consistent screening applied to solids},
  author={Bu{\v{c}}ko, T and Leb{\`e}gue, S and Hafner, J and {\'A}ngy{\'a}n, J. G},
  journal={Physical Review B},
  volume={87},
  number={6},
  pages={064110},
  year={2013},
  publisher={APS}
}

@article{klots1996vibrational,
  title={Vibrational spectra, structure, assignment, and ideal-gas thermodynamics of a three-ring molecule: dibenzofuran},
  author={Klots, T. D and Collier, W. B},
  journal={Journal of molecular structure},
  volume={380},
  number={1},
  pages={1--14},
  year={1996},
  publisher={Elsevier}
}

@article{bowman2008variational,
  title={Variational quantum approaches for computing vibrational energies of polyatomic molecules},
  author={Bowman, J. M and Carrington, T and Meyer, H},
  journal={Molecular Physics},
  volume={106},
  number={16-18},
  pages={2145--2182},
  year={2008},
  publisher={Taylor \& Francis}
}

@article{simon1996does,
  title={How does basis set superposition error change the potential surfaces for hydrogen-bonded dimers?},
  author={Simon, S and Duran, M and Dannenberg, J. J},
  journal={The Journal of chemical physics},
  volume={105},
  number={24},
  pages={11024--11031},
  year={1996},
  publisher={AIP Publishing}
}

@article{nather1998solvent,
  title={Solvent-shared and solvent-separated ion multiples of perylene radical anions and dianions: an exemplary case of alkali metal cation solvation},
  author={N{\"a}ther, C and Bock, H and Havlas, Z and Hauck, T},
  journal={Organometallics},
  volume={17},
  number={21},
  pages={4707--4715},
  year={1998},
  publisher={ACS Publications}
}

@article{belskii1985structure,
  title={Structure of carbazole},
  author={Belskii, VK},
  journal={Kristallografiya},
  volume={30},
  pages={193--194},
  year={1985}
}

@article{dideberg1972crystal,
  title={The crystal structure of dibenzofuran},
  author={Dideberg, O and Dupont, L and Andr{\'e}, J. M},
  journal={Acta Crystallographica Section B: Structural Crystallography and Crystal Chemistry},
  volume={28},
  number={4},
  pages={1002--1007},
  year={1972},
  publisher={International Union of Crystallography}
}

@article{schaffrin1970structure,
  title={Structure of dibenzothiophen},
  author={Schaffrin, R. M and Trotter, J},
  journal={Journal of the Chemical Society A: Inorganic, Physical, Theoretical},
  pages={1561--1565},
  year={1970},
  publisher={Royal Society of Chemistry}
}

@book{goupy2013introduction,
  title={Introduction aux plans d'exp{\'e}riences-5e {\'e}d.: Toutes les techniques n{\'e}cessaires {\`a} la conduite d'une {\'e}tude},
  author={Goupy, J and Creighton, L},
  year={2013},
  publisher={Dunod}
}

@article{fomine2002local,
  title={Local {MP}2 study of naphthalene, indole, and 2, 3-benzofuran dimers},
  author={Fomine, S and Tlenkopatchev, M and Martinez, S and Fomina, L},
  journal={The Journal of Physical Chemistry A},
  volume={106},
  number={15},
  pages={3941--3946},
  year={2002},
  publisher={ACS Publications}
}

@article{singh2006ab,
  title={Ab initio and {DFT} studies of the vibrational spectra of benzofuran and some of its derivatives},
  author={Singh, V. B},
  journal={Spectrochimica Acta Part A: Molecular and Biomolecular Spectroscopy},
  volume={65},
  number={5},
  pages={1125--1130},
  year={2006},
  publisher={Elsevier}
}

@article{klots1996vibrational,
  title={Vibrational spectra, structure, assignment, and ideal-gas thermodynamics of a three-ring molecule: dibenzofuran},
  author={Klots, T. D and Collier, W. B},
  journal={Journal of molecular structure},
  volume={380},
  number={1},
  pages={1--14},
  year={1996},
  publisher={Elsevier}
}

@article{el1999dft,
  title={A {DFT} study of the geometries and vibrational spectra of indene and some of its heterocyclic analogues, benzofuran, benzoxazole, bensothiophene, benzothiazole, indole and indazole},
  author={El-Azhary, A. A},
  journal={Spectrochimica Acta Part A: Molecular and Biomolecular Spectroscopy},
  volume={55},
  number={12},
  pages={2437--2446},
  year={1999},
  publisher={Elsevier}
}

@article{klots1995vibrational,
  title={Vibrational spectra of indene. Part 4. Calibration, assignment, and ideal-gas thermodynamics},
  author={Klots, T. D},
  journal={Spectrochimica Acta Part A: Molecular and Biomolecular Spectroscopy},
  volume={51},
  number={13},
  pages={2307--2324},
  year={1995},
  publisher={Elsevier}
}

@article{michaelian2014raman,
  title={Raman and photoacoustic infrared spectra of fluorene derivatives: Experiment and calculations},
  author={Michaelian, K. H and Oladepo, S. A and Shaw, J. M and Liu, X and B{\'e}gu{\'e}, D and Baraille, I},
  journal={Vibrational Spectroscopy},
  volume={74},
  pages={33--46},
  year={2014},
  publisher={Elsevier}
}

@article{waldo1991sulfur,
  title={Sulfur speciation in heavy petroleums: Information from {X}-ray absorption near-edge structure},
  author={Waldo, G. S and Carlson, R and Moldowan, J  and Peters, K. E and Penner-hahn, J. E},
  journal={Geochimica et Cosmochimica Acta},
  volume={55},
  number={3},
  pages={801--814},
  year={1991},
  publisher={Elsevier}
}

@article{mitra1998determination,
  title={Determination of sulfur species in asphaltene, resin, and oil fractions of crude oils},
  author={Mitra-Kirtley, S and Mullins, O. C and Ralston, C Y and Sellis, D and Pareis, C},
  journal={Applied spectroscopy},
  volume={52},
  number={12},
  pages={1522--1525},
  year={1998},
  publisher={SAGE Publications}
}

@article{lobodin2015separation,
  title={Separation and Characterization of Reactive and Non-Reactive Sulfur in Petroleum and Its Fractions},
  author={Lobodin, V. V and Robbins, W. K and Lu, J and Rodgers, R. P},
  journal={Energy \& Fuels},
  volume={29},
  number={10},
  pages={6177--6186},
  year={2015},
  publisher={ACS Publications}
}

@article{katz2004recent,
  title={Recent advances in semiconductor performance and printing processes for organic transistor-based electronics},
  author={Katz, H. E},
  journal={Chemistry of Materials},
  volume={16},
  number={23},
  pages={4748--4756},
  year={2004},
  publisher={ACS Publications}
}

@article{ong2008thiophene,
  title={Thiophene Polymer Semiconductors for Organic Thin-Film Transistors},
  author={Ong, B. S and Wu, Y and Li, Y and Liu, P and Pan, H},
  journal={Chemistry--A European Journal},
  volume={14},
  number={16},
  pages={4766--4778},
  year={2008},
  publisher={Wiley Online Library}
}

@article{vivas2011linear,
  title={Linear and nonlinear optical properties of the thiophene/phenylene-based oligomer and polymer},
  author={Vivas, M G and Nogueira, S. L and Silva, H. S and Barbosa Neto, N. M and Marletta, A and Serein-Spirau, F and Lois, S and Jarrosson, T and De Boni, L and Silva, R. A and others},
  journal={The Journal of Physical Chemistry B},
  volume={115},
  number={44},
  pages={12687--12693},
  year={2011},
  publisher={ACS Publications}
}

@article{silva2011controlling,
  title={Controlling Bandgap Energy and Multivibronic Modes of a Poly (2, 5-thiophene-1, 4-dialkoxyphenylene) Derivative by Gamma Photons},
  author={Silva, H. S and Nogueira, S. L and Manzoli, J. E and Barbosa Neto, N. M and Marletta, A and Serein-Spirau, F and Lere-Porte, J. P and Lois, S and Silva, R. A},
  journal={The Journal of Physical Chemistry A},
  volume={115},
  number={29},
  pages={8288--8294},
  year={2011},
  publisher={ACS Publications}
}

@article{kim2010one,
  title={One-dimensional nanostructures of $\pi$-conjugated molecular systems: assembly, properties, and applications from photovoltaics, sensors, and nanophotonics to nanoelectronics},
  author={Kim, F  and Ren, G and Jenekhe, S. A},
  journal={Chemistry of Materials},
  volume={23},
  number={3},
  pages={682--732},
  year={2010},
  publisher={ACS Publications}
}

@article{kishita2003upgrading,
  title={Upgrading of bitumen by hydrothermal visbreaking in supercritical water with alkali},
  author={Kishita, A and Takahashi, S and Kamimura, H and Miki, M and Moriya, T and Enomoto, H},
  journal={Journal of the Japan Petroleum Institute},
  volume={46},
  number={4},
  pages={215--221},
  year={2003},
  publisher={JAPAN PETROLEUM INST YOYU-KANDA BLDG. 4F, 1-8-4 KANDASUDA-CHO, CHIYODA-KU, TOKYO, 108-0041, JAPAN}
}

@article{samokhvalov2011heterogeneous,
  title={Heterogeneous photocatalytic reactions of sulfur aromatic compounds},
  author={Samokhvalov, A},
  journal={ChemPhysChem},
  volume={12},
  number={16},
  pages={2870--2885},
  year={2011},
  publisher={Wiley Online Library}
}

@article{chen2015acylation,
  title={Acylation desulfurization of heavy cracking oil as a supplementary oil upgrading pathway},
  author={Chen, X and Gao, J and Lu, Y and Meng, H and Li, C},
  journal={Fuel Processing Technology},
  volume={130},
  pages={7--11},
  year={2015},
  publisher={Elsevier}
}

@article{strausz1992molecular,
  title={The molecular structure of asphaltene: an unfolding story},
  author={Strausz, O. P and Mojelsky, T. W and Lown, E. M},
  journal={Fuel},
  volume={71},
  number={12},
  pages={1355--1363},
  year={1992},
  publisher={Elsevier}
}

@article{liu2010molecular,
  title={Molecular characterization of sulfur compounds in Venezuela crude oil and its {SARA} fractions by electrospray ionization Fourier transform ion cyclotron resonance mass spectrometry},
  author={Liu, P and Shi, Q and Chung, K. H and Zhang, Y and Pan, N and Zhao, S and Xu, C},
  journal={Energy \& Fuels},
  volume={24},
  number={9},
  pages={5089--5096},
  year={2010},
  publisher={ACS Publications}
}

@article{karimi2011quantitative,
  title={Quantitative evidence for bridged structures in asphaltenes by thin film pyrolysis},
  author={Karimi, A and Qian, K and Olmstead, W. N and Freund, H and Yung, C and Gray, M. R},
  journal={Energy \& Fuels},
  volume={25},
  number={8},
  pages={3581--3589},
  year={2011},
  publisher={ACS Publications}
}

@article{coelho2012elucidation,
  title={Elucidation of the functional sulphur chemical structure in asphaltenes using first principles and deconvolution of mid-infrared vibrational spectra},
  author={Coelho, R. R and Hovell, I and Rajagopal, K},
  journal={Fuel processing technology},
  volume={97},
  pages={85--92},
  year={2012},
  publisher={Elsevier}
}

@article{alhumaidan2016impact,
  title={Impact of Thermal Treatment on Asphaltene Functional Groups},
  author={AlHumaidan, F. S and Hauser, A and Rana, M. S and Lababidi, H. M},
  journal={Energy \& Fuels},
  volume={30},
  number={4},
  pages={2892--2903},
  year={2016},
  publisher={ACS Publications}
}

@article{widany2001electronic,
  title={Electronic band structure and intermolecular interaction in substituted thiophene polymorphs},
  author={Widany, J and Daminelli, G and Di Carlo, A and Lugli, P and Jungnickel, G and Elstner, M and Frauenheim, T},
  journal={Physical Review B},
  volume={63},
  number={23},
  pages={233204},
  year={2001},
  publisher={APS}
}

@article{liu2014adjusting,
  title={Adjusting the local arrangement of $\pi$-stacked oligothiophenes through hydrogen bonds: a viable route to promote charge transfer},
  author={Liu, H and Br{\'e}mond, E and Prlj, A and Gonthier, J. F and Corminboeuf, C},
  journal={The journal of physical chemistry letters},
  volume={5},
  number={13},
  pages={2320--2324},
  year={2014},
  publisher={ACS Publications}
}

@book{speight2014chemistry,
  title={The chemistry and technology of petroleum},
  author={Speight, J. G},
  year={2014},
  publisher={CRC press}
}

@article{mullins2012advances,
  title={Advances in asphaltene science and the {Y}en--{M}ullins model},
  author={Mullins, O. C and Sabbah, H and Eyssautier, J and Pomerantz, A. E and Barr{\'e}, L and Andrews, A. B and Ruiz-Morales, Y and Mostowfi, F and McFarlane, R and Goual, L and others},
  journal={Energy \& Fuels},
  volume={26},
  number={7},
  pages={3986--4003},
  year={2012},
  publisher={ACS Publications}
}

@article{sheremata2004quantitative,
  title={Quantitative molecular representation and sequential optimization of {A}thabasca asphaltenes},
  author={Sheremata, J. M and Gray, M. R and Dettman, H D and McCaffrey, W. C},
  journal={Energy \& Fuels},
  volume={18},
  number={5},
  pages={1377--1384},
  year={2004},
  publisher={ACS Publications}
}

@article{groenzin1999asphaltene,
  title={Asphaltene molecular size and structure},
  author={Groenzin, H and Mullins, O. C},
  journal={The Journal of Physical Chemistry A},
  volume={103},
  number={50},
  pages={11237--11245},
  year={1999},
  publisher={ACS Publications}
}

@article{mackie2010importance,
  title={Importance of the {I}nclusion of {D}ispersion in the {M}odeling of {A}sphaltene {D}imers},
  author={Mackie, I. D and DiLabio, G. A},
  journal={Energy \& Fuels},
  volume={24},
  number={12},
  pages={6468--6475},
  year={2010},
  publisher={ACS Publications}
}

@article{morgan1978chains,
  title={{CHAINS OF ALTERNATING SULFUR AND $\pi$-BONDED ATOMS IN EIGHT SMALL PROTEINS}},
  author={Morgan, R. S and Tatsch, C. E and Gushard, R. H and Mcadon, J. M and Warme, P. K},
  journal={International journal of peptide and protein research},
  volume={11},
  number={3},
  pages={209--217},
  year={1978},
  publisher={Wiley Online Library}
}

@article{tauer2005estimates,
  title={Estimates of the ab initio limit for sulfur-$\pi$ interactions: the {H$_{2}$S}-benzene dimer},
  author={Tauer, T. P and Derrick, M. E and Sherrill, C. D},
  journal={The Journal of Physical Chemistry A},
  volume={109},
  number={1},
  pages={191--196},
  year={2005},
  publisher={ACS Publications}
}

@article{tsuzuki2002model,
  title={Model chemistry calculations of thiophene dimer interactions: origin of $\pi$-stacking},
  author={Tsuzuki, S and Honda, K and Azumi, R},
  journal={Journal of the American Chemical Society},
  volume={124},
  number={41},
  pages={12200--12209},
  year={2002},
  publisher={ACS Publications}
}

@article{spillebout2014discerning,
  title={On {D}iscerning {I}ntermolecular and {I}ntramolecular {V}ibrations in Experimental {A}cene {S}pectra},
  author={Spillebout, F and B{\'e}gu{\'e}, D and Baraille, I and Shaw, J. M},
  journal={Energy \& Fuels},
  volume={28},
  number={5},
  pages={2933--2947},
  year={2014},
  publisher={ACS Publications}
}

@article{bree1971vibrations,
  title={The vibrations of dibenzothiophene},
  author={Bree, A and Zwarich, R},
  journal={Spectrochimica Acta Part A: Molecular Spectroscopy},
  volume={27},
  number={4},
  pages={599--620},
  year={1971},
  publisher={Elsevier}
}

@article{michaelian2009far,
  title={Far-infrared photoacoustic spectra of tetracene, pentacene, perylene and pyrene},
  author={Michaelian, K. H and Billinghurst, B. E and Shaw, J. M and Lastovka, V},
  journal={Vibrational Spectroscopy},
  volume={49},
  number={1},
  pages={28--31},
  year={2009},
  publisher={Elsevier}
}

@article{chai2008systematic,
  title={Systematic optimization of long-range corrected hybrid density functionals},
  author={Chai, J and Head-Gordon, M},
  journal={The Journal of chemical physics},
  volume={128},
  number={8},
  pages={084106},
  year={2008},
  publisher={AIP Publishing}
}

@article{salzner2011improved,
  title={Improved prediction of properties of $\pi$-conjugated oligomers with range-separated hybrid density functionals},
  author={Salzner, U and Aydin, A},
  journal={Journal of chemical theory and computation},
  volume={7},
  number={8},
  pages={2568--2583},
  year={2011},
  publisher={ACS Publications}
}

@article{wiberg2004basis,
  title={Basis set effects on calculated geometries: 6-311++ {G}** vs. aug-cc-p{VDZ}},
  author={Wiberg, K. B},
  journal={Journal of computational chemistry},
  volume={25},
  number={11},
  pages={1342--1346},
  year={2004},
  publisher={Wiley Online Library}
}

@article{jeziorski1994perturbation,
  title={Perturbation theory approach to intermolecular potential energy surfaces of van der {W}aals complexes},
  author={Jeziorski, B and Moszynski, R and Szalewicz, K},
  journal={Chemical Reviews},
  volume={94},
  number={7},
  pages={1887--1930},
  year={1994},
  publisher={ACS Publications}
}

@article{hesselmann2005density,
  title={Density-functional theory-symmetry-adapted intermolecular perturbation theory with density fitting: {A} new efficient method to study intermolecular interaction energies},
  author={Hesselmann, A and Jansen, G and Sch{\"u}tz, M},
  journal={The Journal of chemical physics},
  volume={122},
  number={1},
  pages={014103},
  year={2005},
  publisher={AIP Publishing}
}

@article{podeszwa2006potential,
  title={Potential energy surface for the benzene dimer and perturbational analysis of $\pi$-$\pi$ interactions},
  author={Podeszwa, R and Bukowski, R and Szalewicz, K},
  journal={The Journal of Physical Chemistry A},
  volume={110},
  number={34},
  pages={10345--10354},
  year={2006},
  publisher={ACS Publications}
}

@misc{MOLPRO_brief,
title={MOLPRO, version 2012, a package of ab initio programs},
author={
H.J. Werner and
P. J. Knowles and
G. Knizia and
F. R. Manby and
M. {Sch\"{u}tz} and
others
},
note={see }#molpro_url,
address=molpro_address,
year=2012,
}

@article{adamo1999toward,
  title={Toward reliable density functional methods without adjustable parameters: The {PBE0} model},
  author={Adamo, C and Barone, V},
  journal={The Journal of chemical physics},
  volume={110},
  number={13},
  pages={6158--6170},
  year={1999},
  publisher={AIP Publishing}
}

@article{barone2014fully,
  title={Fully anharmonic {IR} and {R}aman spectra of medium-size molecular systems: accuracy and interpretation},
  author={Barone, V and Biczysko, M and Bloino, J},
  journal={Physical Chemistry Chemical Physics},
  volume={16},
  number={5},
  pages={1759--1787},
  year={2014},
  publisher={Royal Society of Chemistry}
}

@article{garnier2016adaptive,
  title={Adaptive vibrational configuration interaction {(A-VCI)}: a posteriori error estimation to efficiently compute anharmonic {IR} spectra},
  author={Garnier, R and Odunlami, M and Le Bris, V and B{\'e}gu{\'e}, D and Baraille, I and Coulaud, O},
  journal={The Journal of chemical physics},
  volume={144},
  number={20},
  pages={204123},
  year={2016},
  publisher={AIP Publishing}
}

@article{baraille2001calculation,
  title={Calculation of non-fundamental {IR} frequencies and intensities at the anharmonic level. {I}. The overtone, combination and difference bands of diazomethane, {H$_{2}$CN$_{2}$}},
  author={Baraille, I and Larrieu, C and Dargelos, A and Chaillet, M},
  journal={Chemical Physics},
  volume={273},
  number={2},
  pages={91--101},
  year={2001},
  publisher={Elsevier}
}

@article{scribano2008iterative,
  title={Iterative active-space selection for vibrational configuration interaction calculations using a reduced-coupling {VSC}F basis},
  author={Scribano, Y and Benoit, D. M},
  journal={Chemical Physics Letters},
  volume={458},
  number={4},
  pages={384--387},
  year={2008},
  publisher={Elsevier}
}

@book{speight1999desulfurization,
  title={The desulfurization of heavy oils and residua},
  author={Speight, J. G},
  year={1999},
  publisher={CRC Press}
}

@article{johnson2010revealing,
  title={Revealing noncovalent interactions},
  author={Johnson, E. R and Keinan, S and Mori-Sanchez, P and Contreras-Garcia, J and Cohen, A. J and Yang, W},
  journal={Journal of the American Chemical Society},
  volume={132},
  number={18},
  pages={6498--6506},
  year={2010},
  publisher={ACS Publications}
}

@article{silva2016molecular,
  title={Molecular {D}ynamics {S}tudy of {N}anoaggregation in {A}sphaltene {M}ixtures: {E}ffects of the {N, O, and S} {H}eteroatoms},
  author={Silva, H. S  and Sodero, A. C and Bouyssiere, B and Carrier, H and Korb, J and Alfarra, A and Vallverdu, G and B{\'e}gu{\'e}, D and Baraille, I},
  journal={Energy \& Fuels},
  volume={30},
  number={7},
  pages={5656--5664},
  year={2016},
  publisher={ACS Publications}
}

@article{jeziorski1994perturbation,
  title={Perturbation theory approach to intermolecular potential energy surfaces of van der {W}aals complexes},
  author={Jeziorski, B and Moszynski, R and Szalewicz, K},
  journal={Chemical Reviews},
  volume={94},
  number={7},
  pages={1887--1930},
  year={1994},
  publisher={ACS Publications}
}

@article{chipman1973perturbation,
  title={Perturbation theories for the calculation of molecular interaction energies. I. General formalism},
  author={Chipman, D. M and Bowman, J. D and Hirschfelder, J. O},
  journal={The Journal of Chemical Physics},
  volume={59},
  number={6},
  pages={2830--2837},
  year={1973},
  publisher={AIP Publishing}
}

@article{collier1995heteroatom,
  title={Heteroatom derivatives of indene. Part 1. Vibrational frequencies and a refined scaled overlay of the AM1 force field of indole, benzofuran benzothiophene, benzoxazole and benzothiazole},
  author={Collier, W. B and Klots, T. D},
  journal={Spectrochimica Acta Part A: Molecular and Biomolecular Spectroscopy},
  volume={51},
  number={8},
  pages={1255--1272},
  year={1995},
  publisher={Elsevier}
}

@article{speight2004petroleum,
  title={Petroleum Asphaltenes-Part 1: Asphaltenes, resins and the structure of petroleum},
  author={Speight, J. G},
  journal={Oil \& gas science and technology},
  volume={59},
  number={5},
  pages={467--477},
  year={2004},
  publisher={IFP}
}

@article{eyssautier2011insight,
  title={Insight into asphaltene nanoaggregate structure inferred by small angle neutron and X-ray scattering},
  author={Eyssautier, J and Levitz, P and Espinat, D and Jestin, J and Gummel, J and Grillo, I and Barr{\'e}, L},
  journal={The Journal of Physical Chemistry B},
  volume={115},
  number={21},
  pages={6827--6837},
  year={2011},
  publisher={ACS Publications}
}

@phdthesis{gerber2005description,
  title={Description des forces de van der Waals dans le cadre de la th{\'e}orie de la fonctionnelle de la densit{\'e} par un traitement explicite des interactions de longue port{\'e}e},
  author={Gerber, I},
  year={2005},
  school={Universit{\'e} Henri Poincar{\'e}-Nancy I}
}

@article{gordon1972theory,
  title={Theory for the Forces between Closed-Shell Atoms and Molecules},
  author={Gordon, R. G and Kim, Y. S},
  journal={The Journal of Chemical Physics},
  volume={56},
  number={6},
  pages={3122--3133},
  year={1972},
  publisher={AIP Publishing}
}

@article{valero2006nonadiabatic,
  title={Nonadiabatic effects in {C--B}r bond scission in the photodissociation of bromoacetyl chloride},
  author={Valero, R and Truhlar, D. G},
  journal={The Journal of chemical physics},
  volume={125},
  number={19},
  pages={194305},
  year={2006},
  publisher={AIP Publishing}
}

@article{grimme2010consistent,
  title={A consistent and accurate ab initio parametrization of density functional dispersion correction {(DFT-D)} for the 94 elements {H-P}u},
  author={Grimme, S and Antony, J and Ehrlich, S and Krieg, H},
  journal={The Journal of chemical physics},
  volume={132},
  number={15},
  pages={154104},
  year={2010},
  publisher={AIP Publishing}
}

@article{klimevs2012perspective,
  title={Perspective: Advances and challenges in treating van der Waals dispersion forces in density functional theory},
  author={Klime{\v{s}}, J and Michaelides, A},
  journal={The Journal of chemical physics},
  volume={137},
  number={12},
  pages={120901},
  year={2012},
  publisher={AIP Publishing}
}

@article{tran2013nonlocal,
  title={Nonlocal van der Waals functionals: The case of rare-gas dimers and solids},
  author={Tran, F and Hutter, J},
  journal={The Journal of chemical physics},
  volume={138},
  number={20},
  pages={204103},
  year={2013},
  publisher={AIP Publishing}
}

@article{lebegue2010cohesive,
  title={Cohesive properties and asymptotics of the dispersion interaction in graphite by the random phase approximation},
  author={Lebegue, S and Harl, J and Gould, T and {\'A}ngy{\'a}n, J. G and Kresse, G and Dobson, J. F},
  journal={Physical review letters},
  volume={105},
  number={19},
  pages={196401},
  year={2010},
  publisher={APS}
}

@article{wellendorff2012density,
  title={Density functionals for surface science: Exchange-correlation model development with Bayesian error estimation},
  author={Wellendorff, J and Lundgaard, K. T and M{\o}gelh{\o}j, A and Petzold, V and Landis, D. D and N{\o}rskov, J. K and Bligaard, T and Jacobsen, K. W},
  journal={Physical Review B},
  volume={85},
  number={23},
  pages={235149},
  year={2012},
  publisher={APS}
}

@article{dion2004van,
  title={Van der Waals density functional for general geometries},
  author={Dion, M and Rydberg, H and Schr{\"o}der, E and Langreth, D. C and Lundqvist, B. I},
  journal={Physical review letters},
  volume={92},
  number={24},
  pages={246401},
  year={2004},
  publisher={APS}
}

@article{wellendorff2012density,
  title={Density functionals for surface science: Exchange-correlation model development with Bayesian error estimation},
  author={Wellendorff, J and Lundgaard, K. T and M{\o}gelh{\o}j, A and Petzold, V and Landis, D. D and N{\o}rskov, J. K and Bligaard, T and Jacobsen, K. W},
  journal={Physical Review B},
  volume={85},
  number={23},
  pages={235149},
  year={2012},
  publisher={APS}
}

@phdthesis{mussard2013modelisations,
  title={Mod{\'e}lisations quantochimiques des forces de dispersion de London par la m{\'e}thode des phases al{\'e}atoires (RPA): d{\'e}veloppements m{\'e}thodologiques.},
  author={Mussard, B},
  year={2013},
  school={Universit{\'e} de Lorraine-Collegium Sciences et Technologies}
}

@article{martinez2012rethinking,
  title={Rethinking the term “pi-stacking”},
  author={Martinez, C. R and Iverson, B. L},
  journal={Chemical Science},
  volume={3},
  number={7},
  pages={2191--2201},
  year={2012},
  publisher={Royal Society of Chemistry}
}

@article{garza2005role,
  title={Role of Hartree-Fock and Kohn-Sham orbitals in the basis set superposition error for systems linked by hydrogen bonds},
  author={Garza, J and Ram{\'\i}rez, J and Vargas, R},
  journal={The Journal of Physical Chemistry A},
  volume={109},
  number={4},
  pages={643--651},
  year={2005},
  publisher={ACS Publications}
}

@article{begue1999dynamic,
  title={Dynamic dipole polarizabilities and C$_{6}$ dispersion coefficients for small clusters of beryllium Be n (n= 2, 3, 4)},
  author={Begue, D and M{\'e}rawa, M and Rerat, M and Pouchan, C},
  journal={Chemical physics letters},
  volume={301},
  number={1},
  pages={43--52},
  year={1999},
  publisher={Elsevier}
}

@article{buckingham1965general,
  title={General discussion},
  author={Buckingham, A. D and Knaap, H. F and Hermans, L. J and Jonkman, R. M and Beenakker, J. J and Brown, W. B and Kestner, N. R and Davison, W. D and Claverie, P and Salem, L},
  journal={Discussions of the Faraday Society},
  volume={40},
  pages={171--176},
  year={1965},
  publisher={Royal Society of Chemistry}
}

@book{hall2015lie,
  title={Lie groups, Lie algebras, and representations: an elementary introduction},
  author={Hall, B. C},
  volume={222},
  year={2015},
  publisher={Springer}
}

@article{patkowski2004unified,
  title={Unified treatment of chemical and van der Waals forces via symmetry-adapted perturbation expansion},
  author={Patkowski, K and Jeziorski, B and Szalewicz, K},
  journal={The Journal of chemical physics},
  volume={120},
  number={15},
  pages={6849--6862},
  year={2004},
  publisher={AIP Publishing}
}

@article{angyan2005van,
  title={van der Waals forces in density functional theory: Perturbational long-range electron-interaction corrections},
  author={Angy{\'a}n, J. G and Gerber, I. C and Savin, A and Toulouse, J},
  journal={Physical Review A},
  volume={72},
  number={1},
  pages={012510},
  year={2005},
  publisher={APS}
}

@article{starkschall1972error,
  title={Error Bounds to Long-Range Three-Body, and Relativistic Interactions between Atoms},
  author={Starkschall, G and Gordon, R. G},
  journal={The Journal of Chemical Physics},
  volume={57},
  number={8},
  pages={3213--3220},
  year={1972},
  publisher={AIP Publishing}
}

