
@article{schrodinger1992situation,
	title={La situation actuelle en m{\'e}canique quantique},
	author={Schr{\"o}dinger, Erwin},
	journal={Physique quantique et repr{\'e}sentation du monde},
	pages={138},
	year={1992}
}

@article{moore1965electronics,
	title={Electronics magazine},
	author={Moore, Gordon E},
	journal={April 19th},
	year={1965}
}

@article{adamo1999toward,
	title={Toward reliable density functional methods without adjustable parameters: The PBE0 model},
	author={Adamo, Carlo and Barone, Vincenzo},
	journal={The Journal of chemical physics},
	volume={110},
	number={13},
	pages={6158--6170},
	year={1999},
	publisher={AIP Publishing}
}

@article{adamo1997toward,
	title={Toward reliable adiabatic connection models free from adjustable parameters},
	author={Adamo, Carlo and Barone, Vincenzo},
	journal={Chemical Physics Letters},
	volume={274},
	number={1},
	pages={242--250},
	year={1997},
	publisher={Elsevier}
}

@article{perdew1996generalized,
	title={Generalized gradient approximation made simple},
	author={Perdew, John P and Burke, Kieron and Ernzerhof, Matthias},
	journal={Physical review letters},
	volume={77},
	number={18},
	pages={3865},
	year={1996},
	publisher={APS}
}

 @article{becke1993density,
 	title={Density-functional thermochemistry. III. The role of exact exchange},
 	author={Becke, Axel D},
 	journal={The Journal of chemical physics},
 	volume={98},
 	number={7},
 	pages={5648--5652},
 	year={1993},
 	publisher={AIP Publishing}
 }
 
 @article{becke1988density,
 	title={Density-functional exchange-energy approximation with correct asymptotic behavior},
 	author={Becke, Axel D},
 	journal={Physical review A},
 	volume={38},
 	number={6},
 	pages={3098},
 	year={1988},
 	publisher={APS}
 }
 
 @article{chengteh1988development,
 	title={Development of the Colle-Salvetti correlation-energy formula into a functional of the electron density},
 	author={Chengteh, Lee and Weitao, Yang and Parr, RG},
 	journal={Physical Review B (Condensed Matter)},
 	volume={37},
 	number={2},
 	pages={785--789},
 	year={1988}
 }

@article{boese2004development,
	title={Development of density functionals for thermochemical kinetics},
	author={Boese, A Daniel and Martin, Jan ML},
	journal={The Journal of chemical physics},
	volume={121},
	number={8},
	pages={3405--3416},
	year={2004},
	publisher={AIP Publishing}
}

@article{moller1934note,
	title={Note on an approximation treatment for many-electron systems},
	author={M{\o}ller, Chr and Plesset, Milton S},
	journal={Physical Review},
	volume={46},
	number={7},
	pages={618},
	year={1934},
	publisher={APS}
}

@article{becke1997density,
	title={Density-functional thermochemistry. V. Systematic optimization of exchange-correlation functionals},
	author={Becke, Axel D},
	journal={The Journal of chemical physics},
	volume={107},
	number={20},
	pages={8554--8560},
	year={1997},
	publisher={AIP Publishing}
}

@article{hamprecht1998development,
	title={Development and assessment of new exchange-correlation functionals},
	author={Hamprecht, Fred A and Cohen, Aron J and Tozer, David J and Handy, Nicholas C},
	journal={The Journal of chemical physics},
	volume={109},
	number={15},
	pages={6264--6271},
	year={1998},
	publisher={AIP Publishing}
}

@article{wilson2001hybrid,
	title={Hybrid exchange-correlation functional determined from thermochemical data and ab initio potentials},
	author={Wilson, Philip J and Bradley, Thomas J and Tozer, David J},
	journal={The Journal of Chemical Physics},
	volume={115},
	number={20},
	pages={9233--9242},
	year={2001},
	publisher={AIP Publishing}
}

@article{keal2005semiempirical,
	title={Semiempirical hybrid functional with improved performance in an extensive chemical assessment},
	author={Keal, Thomas W and Tozer, David J},
	journal={The Journal of chemical physics},
	volume={123},
	number={12},
	pages={121103},
	year={2005},
	publisher={AIP Publishing}
}

@article{iikura2001long,
	title={A long-range correction scheme for generalized-gradient-approximation exchange functionals},
	author={Iikura, Hisayoshi and Tsuneda, Takao and Yanai, Takeshi and Hirao, Kimihiko},
	journal={The Journal of Chemical Physics},
	volume={115},
	number={8},
	pages={3540--3544},
	year={2001},
	publisher={AIP Publishing}
}

@article{chai2008long,
	title={Long-range corrected hybrid density functionals with damped atom--atom dispersion corrections},
	author={Chai, Jeng-Da and Head-Gordon, Martin},
	journal={Physical Chemistry Chemical Physics},
	volume={10},
	number={44},
	pages={6615--6620},
	year={2008},
	publisher={Royal Society of Chemistry}
}

